,id,timestamp,pair,amount0In,amount0Out,amount1In,amount1Out,amountUSD,to,sender,transaction,p_usd,side,flow,tx_id,tx_from
0,0x4044bc3d88ffc97f0439b0ac674c153947f168e8de4265953cec8ffd47119ca6-0,2023-04-21 00:59:47,WETH/DED,0.5,0.0,0.0,36497944081.598816,1004.218958011987,0xaf2358e98683265cbd3a48509123d390ddf54534,0xef1c6e67703c7bd7107eed8303fbe6ec2554bf6b,{'id': '0x4044bc3d88ffc97f0439b0ac674c153947f168e8de4265953cec8ffd47119ca6'},2.7514397955316185e-08,buyer,-1004.218958011987,0x4044bc3d88ffc97f0439b0ac674c153947f168e8de4265953cec8ffd47119ca6,0xAf2358e98683265cBd3a48509123d390dDf54534
1,0x88cf2fed66b68c25cca63238de9fa20ea8a97a38c2c9ae985ad17cfc53d5a6dc-0,2023-04-21 00:59:47,WETH/DED,4.0,0.0,0.0,187049040776.93182,9621.001826843853,0x6f46abc204adc0491bbe88c93a6f1d795686a05e,0x7a250d5630b4cf539739df2c5dacb4c659f2488d,{'id': '0x88cf2fed66b68c25cca63238de9fa20ea8a97a38c2c9ae985ad17cfc53d5a6dc'},5.143571860556892e-08,buyer,-9621.001826843853,0x88cf2fed66b68c25cca63238de9fa20ea8a97a38c2c9ae985ad17cfc53d5a6dc,0x6F46ABc204AdC0491bBe88C93a6F1d795686a05E
2,0xc4c2b4bcd22f68fa4455f7e17fb31a9e8e48a95f30a91793ff60193d3d14d81e-0,2023-04-21 00:59:47,WETH/DED,0.1,0.0,0.0,3154672029.1037087,195.54437799596138,0xc1c6ac0b48c4d27bf5f6346266f177499f0cc680,0x7a250d5630b4cf539739df2c5dacb4c659f2488d,{'id': '0xc4c2b4bcd22f68fa4455f7e17fb31a9e8e48a95f30a91793ff60193d3d14d81e'},6.198564421022193e-08,buyer,-195.54437799596138,0xc4c2b4bcd22f68fa4455f7e17fb31a9e8e48a95f30a91793ff60193d3d14d81e,0xC1c6aC0b48c4d27Bf5F6346266F177499f0CC680
3,0xf80d2cf02f2a2a86755c590655e96bb19da6599eb8f65223b033211ed39f9fe6-0,2023-04-21 00:59:47,WETH/DED,0.1,0.0,0.0,3105065502.633635,195.53820422155465,0xa5bb0f7c1b9742b6e7ee81bb18d2c3bff2b27d10,0x7a250d5630b4cf539739df2c5dacb4c659f2488d,{'id': '0xf80d2cf02f2a2a86755c590655e96bb19da6599eb8f65223b033211ed39f9fe6'},6.297393857092685e-08,buyer,-195.53820422155465,0xf80d2cf02f2a2a86755c590655e96bb19da6599eb8f65223b033211ed39f9fe6,0xA5Bb0F7C1B9742b6e7eE81bB18D2c3bFF2b27d10
4,0x99beafda8cd79427c2cd248ab8c60355233d8a5cc382f5a352b9ee5d8321c3a8-0,2023-04-21 00:59:59,WETH/DED,0.05,0.0,0.0,1517568619.649227,97.57360328338896,0x8dda6d146e5f2ff37c372d69699af22b917b5f3e,0x7a250d5630b4cf539739df2c5dacb4c659f2488d,{'id': '0x99beafda8cd79427c2cd248ab8c60355233d8a5cc382f5a352b9ee5d8321c3a8'},6.429600745562483e-08,buyer,-97.57360328338896,0x99beafda8cd79427c2cd248ab8c60355233d8a5cc382f5a352b9ee5d8321c3a8,0x8DdA6d146e5f2Ff37C372D69699AF22b917b5f3E
5,0xafebeccbd88ebeb4932b5aaf59188afb34e9e230784c5251cd9c8fff56bace87-0,2023-04-21 00:59:59,WETH/DED,0.07,0.0,0.0,2144645897.3271027,136.7117038675994,0x052cb121f0e184310096bc4fafb358ac4037add5,0x7a250d5630b4cf539739df2c5dacb4c659f2488d,{'id': '0xafebeccbd88ebeb4932b5aaf59188afb34e9e230784c5251cd9c8fff56bace87'},6.374558337951492e-08,buyer,-136.7117038675994,0xafebeccbd88ebeb4932b5aaf59188afb34e9e230784c5251cd9c8fff56bace87,0x052cb121f0E184310096bc4fAFB358Ac4037aDD5
6,0xc6ebc3064803506ecbddd709bcf0654137759e752139f94345d26890aa46b3b4-0,2023-04-21 01:00:11,WETH/DED,0.011000000000000001,0.0,0.0,332278719.1364875,21.434309672305538,0x6ba63f51cd7606d01b8a52d99f4d37aeeba240f1,0xef1c6e67703c7bd7107eed8303fbe6ec2554bf6b,{'id': '0xc6ebc3064803506ecbddd709bcf0654137759e752139f94345d26890aa46b3b4'},6.450701907124283e-08,buyer,-21.434309672305538,0xc6ebc3064803506ecbddd709bcf0654137759e752139f94345d26890aa46b3b4,0x6ba63F51cd7606d01b8a52d99f4d37AeebA240f1
7,0x252da4265574f12f8fb1231301382ec371f28714e5d9361e8fb89acc479b15b4-1,2023-04-21 01:00:23,WETH/DED,5.183449249035059,0.0,0.0,111524625230.00212,12132.22925984905,0x6b75d8af000000e20b7a7ddf000ba900b4009a80,0x6b75d8af000000e20b7a7ddf000ba900b4009a80,{'id': '0x252da4265574f12f8fb1231301382ec371f28714e5d9361e8fb89acc479b15b4'},1.0878520537350582e-07,buyer,-12132.22925984905,0x252da4265574f12f8fb1231301382ec371f28714e5d9361e8fb89acc479b15b4,0xae2Fc483527B8EF99EB5D9B44875F005ba1FaE13
8,0x2eab01af2996bda735af89d153cf84e6250c962b2bed277a61d84bd8360eab85-0,2023-04-21 01:00:23,WETH/DED,0.2,0.0,0.0,3031382202.043282,391.70702003058926,0x03da6b5a21e3f3bf9c508ae7e97510887e1aeabb,0x7a250d5630b4cf539739df2c5dacb4c659f2488d,{'id': '0x2eab01af2996bda735af89d153cf84e6250c962b2bed277a61d84bd8360eab85'},1.2921729888318334e-07,buyer,-391.70702003058926,0x2eab01af2996bda735af89d153cf84e6250c962b2bed277a61d84bd8360eab85,0x03dA6B5a21E3F3BF9c508aE7e97510887e1aeaBb
9,0x38dfb516f6e031eecbbf0f9ac8ecd8c1dda613dac360921e901e0f802d9d5e1a-0,2023-04-21 01:00:23,WETH/DED,1.5,0.0,0.0,39885075961.16832,3090.497602595526,0xd84a8765d013c89caf238db04956e8d978f8cba5,0x7a250d5630b4cf539739df2c5dacb4c659f2488d,{'id': '0x38dfb516f6e031eecbbf0f9ac8ecd8c1dda613dac360921e901e0f802d9d5e1a'},7.74850624731015e-08,buyer,-3090.497602595526,0x38dfb516f6e031eecbbf0f9ac8ecd8c1dda613dac360921e901e0f802d9d5e1a,0xd84A8765D013C89cAf238Db04956E8D978F8cba5
10,0xf5cd31f20a74f04cdd98b7c4ddd1833313b00825db4dc4bd6a0e0cf41bf736af-1,2023-04-21 01:00:23,WETH/DED,0.0,5.25967775453361,111524620507.63567,0.0,8786.331501694996,0x6b75d8af000000e20b7a7ddf000ba900b4009a80,0x6b75d8af000000e20b7a7ddf000ba900b4009a80,{'id': '0xf5cd31f20a74f04cdd98b7c4ddd1833313b00825db4dc4bd6a0e0cf41bf736af'},7.878378300416121e-08,seller,8786.331501694996,0xf5cd31f20a74f04cdd98b7c4ddd1833313b00825db4dc4bd6a0e0cf41bf736af,0xae2Fc483527B8EF99EB5D9B44875F005ba1FaE13
11,0x04236732650d4363d2528a6ba9120774b76196d0ece287d752e3f2ecb3f3a657-0,2023-04-21 01:00:35,WETH/DED,0.0,1.490380054539539,29084604237.335274,0.0,2781.8119723780924,0x6b75d8af000000e20b7a7ddf000ba900b4009a80,0x6b75d8af000000e20b7a7ddf000ba900b4009a80,{'id': '0x04236732650d4363d2528a6ba9120774b76196d0ece287d752e3f2ecb3f3a657'},9.564551574015028e-08,seller,2781.8119723780924,0x04236732650d4363d2528a6ba9120774b76196d0ece287d752e3f2ecb3f3a657,0xae2Fc483527B8EF99EB5D9B44875F005ba1FaE13
12,0x288dd7975ff093bdfa7c385f6cb6724fa3fb028e4f6a8c45d4c2fa38ac47dbb8-0,2023-04-21 01:00:35,WETH/DED,1.3326478084270978,0.0,0.0,29084604237.335274,2715.1227993081407,0x6b75d8af000000e20b7a7ddf000ba900b4009a80,0x6b75d8af000000e20b7a7ddf000ba900b4009a80,{'id': '0x288dd7975ff093bdfa7c385f6cb6724fa3fb028e4f6a8c45d4c2fa38ac47dbb8'},9.33525784690856e-08,buyer,-2715.1227993081407,0x288dd7975ff093bdfa7c385f6cb6724fa3fb028e4f6a8c45d4c2fa38ac47dbb8,0xae2Fc483527B8EF99EB5D9B44875F005ba1FaE13
13,0x60c5b3f0f7e5ddad29add90d8084311e2dd1cbf81164df738f729a68a9aa79ad-0,2023-04-21 01:00:35,WETH/DED,0.05,0.0,0.0,1047523999.3269912,97.54485098922324,0xe2b725072ce13a0fda3207450fd9a50457b39bd8,0x7a250d5630b4cf539739df2c5dacb4c659f2488d,{'id': '0x60c5b3f0f7e5ddad29add90d8084311e2dd1cbf81164df738f729a68a9aa79ad'},9.311944265896862e-08,buyer,-97.54485098922324,0x60c5b3f0f7e5ddad29add90d8084311e2dd1cbf81164df738f729a68a9aa79ad,0xE2B725072ce13a0Fda3207450Fd9a50457B39BD8
14,0x7870f8b30c1655f53c5eb93ad9be0d9c6988942afd4c71b9399ea79791693675-0,2023-04-21 01:00:35,WETH/DED,1.0,0.0,0.0,18795447966.367565,2009.3330152604115,0xddee00bd2cc1676eecca462dc16767fb7081bbdb,0xef1c6e67703c7bd7107eed8303fbe6ec2554bf6b,{'id': '0x7870f8b30c1655f53c5eb93ad9be0d9c6988942afd4c71b9399ea79791693675'},1.0690530062682715e-07,buyer,-2009.3330152604115,0x7870f8b30c1655f53c5eb93ad9be0d9c6988942afd4c71b9399ea79791693675,0xDdEe00BD2cC1676eeccA462DC16767FB7081bBdb
15,0xa3cf1ca689e93273338defdb4b498b88b1a222ab94aa66526fff91cf11eea384-0,2023-04-21 01:00:35,WETH/DED,0.1,0.0,0.0,2115571116.7228177,195.40960773022982,0x0b72d63a587541c5037f94117603134551e28e30,0x7a250d5630b4cf539739df2c5dacb4c659f2488d,{'id': '0xa3cf1ca689e93273338defdb4b498b88b1a222ab94aa66526fff91cf11eea384'},9.236730743088152e-08,buyer,-195.40960773022982,0xa3cf1ca689e93273338defdb4b498b88b1a222ab94aa66526fff91cf11eea384,0x0B72d63a587541c5037F94117603134551e28E30
16,0x31b1d8eb109356195b7199a760dea8caccee4d40847828a8c3148576798fb3d6-0,2023-04-21 01:00:47,WETH/DED,0.1,0.0,0.0,2074874721.1333597,195.40343486866817,0x012d20a5cec8006ea95b21c5da97f3f32b6795f2,0x7a250d5630b4cf539739df2c5dacb4c659f2488d,{'id': '0x31b1d8eb109356195b7199a760dea8caccee4d40847828a8c3148576798fb3d6'},9.417601596781365e-08,buyer,-195.40343486866817,0x31b1d8eb109356195b7199a760dea8caccee4d40847828a8c3148576798fb3d6,0x012D20A5cEc8006ea95b21c5Da97F3F32B6795F2
17,0x8e64625efbbbe3dfbfe31555855f7fe39276efe38f4597aa0907d17af68d3186-0,2023-04-21 01:00:47,WETH/DED,0.2,0.0,0.0,4070846843.1828165,392.04969354374117,0x91d5482f54f2dfddf21caf8f5528f689397ae223,0x7a250d5630b4cf539739df2c5dacb4c659f2488d,{'id': '0x8e64625efbbbe3dfbfe31555855f7fe39276efe38f4597aa0907d17af68d3186'},9.63066675427206e-08,buyer,-392.04969354374117,0x8e64625efbbbe3dfbfe31555855f7fe39276efe38f4597aa0907d17af68d3186,0x91d5482F54F2dfddf21cAf8f5528F689397Ae223
18,0x4590f8dc07c301007e0d516a169af7f4080f18fba229260915f8a71acf9f1300-0,2023-04-21 01:00:59,WETH/DED,0.0,0.3488185537470181,6501065667.33912,0.0,674.2504975159943,0x6b75d8af000000e20b7a7ddf000ba900b4009a80,0x6b75d8af000000e20b7a7ddf000ba900b4009a80,{'id': '0x4590f8dc07c301007e0d516a169af7f4080f18fba229260915f8a71acf9f1300'},1.0371384200953078e-07,seller,674.2504975159943,0x4590f8dc07c301007e0d516a169af7f4080f18fba229260915f8a71acf9f1300,0xae2Fc483527B8EF99EB5D9B44875F005ba1FaE13
19,0x6d838acf852f719950cd58c62b0181869eca5be0af9fbf0009ea7d91f083cd94-0,2023-04-21 01:00:59,WETH/DED,0.3302696663688151,0.0,0.0,6501065667.33912,650.0149432671075,0x6b75d8af000000e20b7a7ddf000ba900b4009a80,0x6b75d8af000000e20b7a7ddf000ba900b4009a80,{'id': '0x6d838acf852f719950cd58c62b0181869eca5be0af9fbf0009ea7d91f083cd94'},9.998590639266038e-08,buyer,-650.0149432671075,0x6d838acf852f719950cd58c62b0181869eca5be0af9fbf0009ea7d91f083cd94,0xae2Fc483527B8EF99EB5D9B44875F005ba1FaE13
20,0xea6d0a53d53cafd86f2c77f67b8ebf7a39bbddfca6af6605d4f7bd848da1d9fd-0,2023-04-21 01:00:59,WETH/DED,0.5,0.0,0.0,9349966488.797157,988.9904169214032,0xc26239d7787ff8042b1e878608c1ef31ab3c7b79,0x7a250d5630b4cf539739df2c5dacb4c659f2488d,{'id': '0xea6d0a53d53cafd86f2c77f67b8ebf7a39bbddfca6af6605d4f7bd848da1d9fd'},1.0577475524713175e-07,buyer,-988.9904169214032,0xea6d0a53d53cafd86f2c77f67b8ebf7a39bbddfca6af6605d4f7bd848da1d9fd,0xc26239d7787Ff8042B1e878608c1ef31ab3c7b79
21,0x02830aa2c6bae1f12837df8c2e7d47cd55e5849cb46c602b6e24cabca75223de-0,2023-04-21 01:01:11,WETH/DED,0.11199993609834327,0.0,0.0,1552010690.1777,218.79159627969793,0x1aeae1805349ddc2c9d2f395cf95b6f012ef257c,0x7a250d5630b4cf539739df2c5dacb4c659f2488d,{'id': '0x02830aa2c6bae1f12837df8c2e7d47cd55e5849cb46c602b6e24cabca75223de'},1.4097299565291463e-07,buyer,-218.79159627969793,0x02830aa2c6bae1f12837df8c2e7d47cd55e5849cb46c602b6e24cabca75223de,0x1AEAe1805349dDc2C9D2f395cF95b6F012EF257c
22,0x57d21e921ed12fc38eeefb43e987cfb211e276774ec4c461a7f53e61da470415-0,2023-04-21 01:01:11,WETH/DED,0.1,0.0,0.0,1737677073.5799289,195.34951443325303,0x7067b02f34714af1b7dedae3305af598a4b7e41d,0xef1c6e67703c7bd7107eed8303fbe6ec2554bf6b,{'id': '0x57d21e921ed12fc38eeefb43e987cfb211e276774ec4c461a7f53e61da470415'},1.1241991817892707e-07,buyer,-195.34951443325303,0x57d21e921ed12fc38eeefb43e987cfb211e276774ec4c461a7f53e61da470415,0x7067B02F34714Af1b7dedaE3305Af598A4b7e41D
23,0x7977282ae6a7c3ab056b61ff32f5617d96051234767b1c29b1836f499f0b038e-0,2023-04-21 01:01:11,WETH/DED,0.11159981329227016,0.0,0.0,1583522793.7738,218.0153153407399,0x3917111c1f75e9b1a6bce239750c3feca00c55a7,0x7a250d5630b4cf539739df2c5dacb4c659f2488d,{'id': '0x7977282ae6a7c3ab056b61ff32f5617d96051234767b1c29b1836f499f0b038e'},1.3767740900096104e-07,buyer,-218.0153153407399,0x7977282ae6a7c3ab056b61ff32f5617d96051234767b1c29b1836f499f0b038e,0x3917111C1F75E9b1A6Bce239750c3Feca00C55A7
24,0x7ca67b40834a48babbc841d31fe66fe9fef72a87020be057c31ef0fc7679a8e9-0,2023-04-21 01:01:11,WETH/DED,2.4617114053598246,0.0,0.0,40467986629.667625,5157.886810685466,0x6b75d8af000000e20b7a7ddf000ba900b4009a80,0x6b75d8af000000e20b7a7ddf000ba900b4009a80,{'id': '0x7ca67b40834a48babbc841d31fe66fe9fef72a87020be057c31ef0fc7679a8e9'},1.2745597792859184e-07,buyer,-5157.886810685466,0x7ca67b40834a48babbc841d31fe66fe9fef72a87020be057c31ef0fc7679a8e9,0xae2Fc483527B8EF99EB5D9B44875F005ba1FaE13
25,0x83beb3b8a05c41964b82dc602cdeef5f0f4bdbfc9cfdda53bd96ac1e75618bb4-0,2023-04-21 01:01:11,WETH/DED,5.79568e-13,0.0,0.0,0.010000003790148834,1.128847340667134e-09,0xdc912f27f963c7d982b4a691e18e86f37976b046,0xef1c6e67703c7bd7107eed8303fbe6ec2554bf6b,{'id': '0x83beb3b8a05c41964b82dc602cdeef5f0f4bdbfc9cfdda53bd96ac1e75618bb4'},1.128846912817353e-07,buyer,-1.128847340667134e-09,0x83beb3b8a05c41964b82dc602cdeef5f0f4bdbfc9cfdda53bd96ac1e75618bb4,0xdC912f27f963C7D982b4a691E18e86F37976B046
26,0x947db3f4e92c6df8024be4c5997783d9a76ff54617db1ed214eb4eeed36e8294-0,2023-04-21 01:01:11,WETH/DED,0.01,0.0,0.0,172643903.5415845,19.48311450918886,0x14fe1ab74199bb2c85c85e325279bcc39ff73463,0xef1c6e67703c7bd7107eed8303fbe6ec2554bf6b,{'id': '0x947db3f4e92c6df8024be4c5997783d9a76ff54617db1ed214eb4eeed36e8294'},1.1285144803561504e-07,buyer,-19.48311450918886,0x947db3f4e92c6df8024be4c5997783d9a76ff54617db1ed214eb4eeed36e8294,0x14fE1AB74199bB2c85c85E325279bcC39Ff73463
27,0x991012e09ab5e65c00a940e21a854e8aaf830e57e3a9e903f0e81be62a7f301d-0,2023-04-21 01:01:11,WETH/DED,0.05,0.0,0.0,876560240.9071401,97.53128696108223,0xf5719e315ad1779a0cea2e434adc017269d83cc0,0x7a250d5630b4cf539739df2c5dacb4c659f2488d,{'id': '0x991012e09ab5e65c00a940e21a854e8aaf830e57e3a9e903f0e81be62a7f301d'},1.112659260704643e-07,buyer,-97.53128696108223,0x991012e09ab5e65c00a940e21a854e8aaf830e57e3a9e903f0e81be62a7f301d,0xf5719E315ad1779A0CEA2E434AdC017269D83cc0
28,0x9d9cfd1596c1a7327a0f5ca0cada9c0b8d014859091ec5bce30d8aa69f574764-0,2023-04-21 01:01:11,WETH/DED,0.35,0.0,0.0,6284668742.1692,688.9307033818034,0x7e3f8a5eb16b8a11e7de6732bfeab8e9ae187f38,0xfc33632e12bf6b900ffe84fa98d950f855d5cec7,{'id': '0x9d9cfd1596c1a7327a0f5ca0cada9c0b8d014859091ec5bce30d8aa69f574764'},1.0962084584652489e-07,buyer,-688.9307033818034,0x9d9cfd1596c1a7327a0f5ca0cada9c0b8d014859091ec5bce30d8aa69f574764,0x7E3F8a5eb16B8a11e7De6732BFEab8E9ae187F38
29,0xc36761798108e9b4b57b75207edb0963bc737d36c171a7a66a71a45c37aef976-0,2023-04-21 01:01:11,WETH/DED,0.0,2.5315074946215486,40467986629.667625,0.0,4615.177108451485,0x6b75d8af000000e20b7a7ddf000ba900b4009a80,0x6b75d8af000000e20b7a7ddf000ba900b4009a80,{'id': '0xc36761798108e9b4b57b75207edb0963bc737d36c171a7a66a71a45c37aef976'},1.140451377204923e-07,seller,4615.177108451485,0xc36761798108e9b4b57b75207edb0963bc737d36c171a7a66a71a45c37aef976,0xae2Fc483527B8EF99EB5D9B44875F005ba1FaE13
30,0xc8a02f6828671a4ef77105fd27b641a2eb2ff80bbb81866a707f24f14eb85211-0,2023-04-21 01:01:11,WETH/DED,0.1118024352558012,0.0,0.0,1567687565.836,218.40846506740363,0xa6510c7d70a4613fa2230d1318692beff574cf73,0x7a250d5630b4cf539739df2c5dacb4c659f2488d,{'id': '0xc8a02f6828671a4ef77105fd27b641a2eb2ff80bbb81866a707f24f14eb85211'},1.393188731141929e-07,buyer,-218.40846506740363,0xc8a02f6828671a4ef77105fd27b641a2eb2ff80bbb81866a707f24f14eb85211,0xA6510c7d70A4613FA2230D1318692bEFF574CF73
31,0x794669159cad6fb028dfbe28f1100fb205baa0730ca5ef9d6b50cc92d1dfd7f9-0,2023-04-21 01:01:35,WETH/DED,0.1,0.0,0.0,1625666864.2907774,195.3414936926486,0x3f19e78ff153956d43e69ddfdde68cbefd19561e,0xef1c6e67703c7bd7107eed8303fbe6ec2554bf6b,{'id': '0x794669159cad6fb028dfbe28f1100fb205baa0730ca5ef9d6b50cc92d1dfd7f9'},1.2016083859706975e-07,buyer,-195.3414936926486,0x794669159cad6fb028dfbe28f1100fb205baa0730ca5ef9d6b50cc92d1dfd7f9,0x3F19E78FF153956D43E69ddFddE68cbEfD19561E
32,0x91a1d2ac2405149663873083c543c889f4b1c0010f59d39a2af5785a1eb47b60-0,2023-04-21 01:01:35,WETH/DED,0.8432228761599999,0.0,0.0,13863735695.660545,1683.088924255114,0x6b75d8af000000e20b7a7ddf000ba900b4009a80,0x6b75d8af000000e20b7a7ddf000ba900b4009a80,{'id': '0x91a1d2ac2405149663873083c543c889f4b1c0010f59d39a2af5785a1eb47b60'},1.214022656809545e-07,buyer,-1683.088924255114,0x91a1d2ac2405149663873083c543c889f4b1c0010f59d39a2af5785a1eb47b60,0xae2Fc483527B8EF99EB5D9B44875F005ba1FaE13
33,0xe1114257c85864c5a28eb06666336b3ccbc3d7aec997bd72094bd27f602ac2b8-0,2023-04-21 01:01:35,WETH/DED,0.5,0.0,0.0,7619462652.036737,987.5198768025,0xa16f60f031029bea07898c28649415b689a90796,0xef1c6e67703c7bd7107eed8303fbe6ec2554bf6b,{'id': '0xe1114257c85864c5a28eb06666336b3ccbc3d7aec997bd72094bd27f602ac2b8'},1.296049238509659e-07,buyer,-987.5198768025,0xe1114257c85864c5a28eb06666336b3ccbc3d7aec997bd72094bd27f602ac2b8,0xa16f60F031029bEa07898C28649415B689a90796
34,0xfb34bffb3ee9256771defc086d03d76deeb5a3f2ee3a63b166ce9d233175ba7d-0,2023-04-21 01:01:35,WETH/DED,0.009000000000000001,0.0,0.0,147220763.1102008,17.535151348476845,0xd1a310ff65bd33c887a65231ede69ba6c7c12199,0xef1c6e67703c7bd7107eed8303fbe6ec2554bf6b,{'id': '0xfb34bffb3ee9256771defc086d03d76deeb5a3f2ee3a63b166ce9d233175ba7d'},1.1910786887683134e-07,buyer,-17.535151348476845,0xfb34bffb3ee9256771defc086d03d76deeb5a3f2ee3a63b166ce9d233175ba7d,0xd1A310fF65bD33c887a65231eDe69ba6C7c12199
35,0xfe287aeca52d7c8ca4c63e91e8928151087418ef0ee9bda0b84ae85c83f10c89-0,2023-04-21 01:01:35,WETH/DED,0.0,0.884809766250484,13863735695.660545,0.0,1686.751413049114,0x6b75d8af000000e20b7a7ddf000ba900b4009a80,0x6b75d8af000000e20b7a7ddf000ba900b4009a80,{'id': '0xfe287aeca52d7c8ca4c63e91e8928151087418ef0ee9bda0b84ae85c83f10c89'},1.2166644330770673e-07,seller,1686.751413049114,0xfe287aeca52d7c8ca4c63e91e8928151087418ef0ee9bda0b84ae85c83f10c89,0xae2Fc483527B8EF99EB5D9B44875F005ba1FaE13
36,0x093f1963c952c3b05b02e9559936f98f08ceda64457a742c2a751bf3526699df-0,2023-04-21 01:01:47,WETH/DED,1.0,0.0,0.0,10938663566.030594,1994.4663512369823,0x7cdf84e2515118a89cbd81c2e6ad1d874aded3d0,0xef1c6e67703c7bd7107eed8303fbe6ec2554bf6b,{'id': '0x093f1963c952c3b05b02e9559936f98f08ceda64457a742c2a751bf3526699df'},1.8233181221796469e-07,buyer,-1994.4663512369823,0x093f1963c952c3b05b02e9559936f98f08ceda64457a742c2a751bf3526699df,0x7cdf84E2515118A89CBD81C2E6Ad1d874aded3d0
37,0x1fc16f50107946e841bd7f56a86eed7100a8553091ea9ef43399f89de1c46aaa-0,2023-04-21 01:01:47,WETH/DED,3.3009798149360843,0.0,0.0,44940376136.952835,7032.948682337393,0x6b75d8af000000e20b7a7ddf000ba900b4009a80,0x6b75d8af000000e20b7a7ddf000ba900b4009a80,{'id': '0x1fc16f50107946e841bd7f56a86eed7100a8553091ea9ef43399f89de1c46aaa'},1.5649510055067062e-07,buyer,-7032.948682337393,0x1fc16f50107946e841bd7f56a86eed7100a8553091ea9ef43399f89de1c46aaa,0xae2Fc483527B8EF99EB5D9B44875F005ba1FaE13
38,0x64f528d98aa295d0fb6e3340804db8048f1a4e9e0263e8b69a7a3c66155182da-0,2023-04-21 01:01:47,WETH/DED,0.01,0.0,0.0,149057758.84869602,19.484064545235675,0x979bec5ccf8614a5f1e7c1384afe4299460eca7f,0xef1c6e67703c7bd7107eed8303fbe6ec2554bf6b,{'id': '0x64f528d98aa295d0fb6e3340804db8048f1a4e9e0263e8b69a7a3c66155182da'},1.3071486312237765e-07,buyer,-19.484064545235675,0x64f528d98aa295d0fb6e3340804db8048f1a4e9e0263e8b69a7a3c66155182da,0x979beC5ccf8614A5f1E7C1384Afe4299460eCa7F
39,0xc6110190c97bfd67c6ba8aacefdf68061b10fff3937cab1a00c21a54721eee7d-0,2023-04-21 01:01:47,WETH/DED,0.01,0.0,0.0,149220478.46881562,19.48406744962885,0x8351a23658ec628673adb47979a4bed74693e16d,0xef1c6e67703c7bd7107eed8303fbe6ec2554bf6b,{'id': '0xc6110190c97bfd67c6ba8aacefdf68061b10fff3937cab1a00c21a54721eee7d'},1.3057234268083832e-07,buyer,-19.48406744962885,0xc6110190c97bfd67c6ba8aacefdf68061b10fff3937cab1a00c21a54721eee7d,0x8351A23658EC628673adB47979A4BED74693E16d
40,0xf38efbd12c481ed769634674d967717b71c45a38973077e55b1d3d03eba50698-0,2023-04-21 01:01:47,WETH/DED,0.0,3.5791610043658446,44940376136.952835,0.0,6418.298922298875,0x6b75d8af000000e20b7a7ddf000ba900b4009a80,0x6b75d8af000000e20b7a7ddf000ba900b4009a80,{'id': '0xf38efbd12c481ed769634674d967717b71c45a38973077e55b1d3d03eba50698'},1.428180953078704e-07,seller,6418.298922298875,0xf38efbd12c481ed769634674d967717b71c45a38973077e55b1d3d03eba50698,0xae2Fc483527B8EF99EB5D9B44875F005ba1FaE13
41,0x4f8d5cc14c3c608ca989458060644e2d68101f61d8cd469c6e45e10ff5571825-0,2023-04-21 01:01:59,WETH/DED,1.0,0.0,0.0,10265939082.397032,1992.9530298781037,0xc5d9e9bc191b8e7b7c798b90a4b4232bc6f81fc5,0xef1c6e67703c7bd7107eed8303fbe6ec2554bf6b,{'id': '0x4f8d5cc14c3c608ca989458060644e2d68101f61d8cd469c6e45e10ff5571825'},1.9413255951376264e-07,buyer,-1992.9530298781037,0x4f8d5cc14c3c608ca989458060644e2d68101f61d8cd469c6e45e10ff5571825,0xC5D9e9BC191B8E7B7C798b90A4B4232bC6f81Fc5
42,0x86a875f8a454796a7551452349a0ad0b9cef093d46befb52588ffb39bbe05ff8-0,2023-04-21 01:01:59,WETH/DED,3.2598767459851303,0.0,0.0,41244693946.22788,6914.137085575662,0x6b75d8af000000e20b7a7ddf000ba900b4009a80,0x6b75d8af000000e20b7a7ddf000ba900b4009a80,{'id': '0x86a875f8a454796a7551452349a0ad0b9cef093d46befb52588ffb39bbe05ff8'},1.676370079164573e-07,buyer,-6914.137085575662,0x86a875f8a454796a7551452349a0ad0b9cef093d46befb52588ffb39bbe05ff8,0xae2Fc483527B8EF99EB5D9B44875F005ba1FaE13
43,0x93ee2b08f303860d05015417020a50cec7618934b94ee2efd2c0b722b8f7b1a9-0,2023-04-21 01:01:59,WETH/DED,0.0,3.525958870808138,41244693946.22788,0.0,6348.599833842062,0x6b75d8af000000e20b7a7ddf000ba900b4009a80,0x6b75d8af000000e20b7a7ddf000ba900b4009a80,{'id': '0x93ee2b08f303860d05015417020a50cec7618934b94ee2efd2c0b722b8f7b1a9'},1.5392525016960845e-07,seller,6348.599833842062,0x93ee2b08f303860d05015417020a50cec7618934b94ee2efd2c0b722b8f7b1a9,0xae2Fc483527B8EF99EB5D9B44875F005ba1FaE13
44,0xf44e0209518af01e41d14b3106666112fa09e95553c55c4cac82ca4891e67761-0,2023-04-21 01:01:59,WETH/DED,0.01,0.0,0.0,137790412.82561374,19.483857034325368,0x1ab4f8817d0ef710deebdf75ef7c921407c26073,0xef1c6e67703c7bd7107eed8303fbe6ec2554bf6b,{'id': '0xf44e0209518af01e41d14b3106666112fa09e95553c55c4cac82ca4891e67761'},1.414021239560691e-07,buyer,-19.483857034325368,0xf44e0209518af01e41d14b3106666112fa09e95553c55c4cac82ca4891e67761,0x1aB4f8817D0ef710DeebdF75eF7C921407c26073
45,0x0db5c4a598c090f03d16927221db7b947eaf7277cf8c5bea6da9b64c6c5c3dc5-0,2023-04-21 01:02:11,WETH/DED,0.01,0.0,0.0,230564159.17652208,19.485351973269193,0xff9a887992345bb93eca0d85d5d7d353a24ba238,0xef1c6e67703c7bd7107eed8303fbe6ec2554bf6b,{'id': '0x0db5c4a598c090f03d16927221db7b947eaf7277cf8c5bea6da9b64c6c5c3dc5'},8.451162593033823e-08,buyer,-19.485351973269193,0x0db5c4a598c090f03d16927221db7b947eaf7277cf8c5bea6da9b64c6c5c3dc5,0xFF9A887992345bB93Eca0D85D5d7D353A24BA238
46,0x3cf2eae485a4f82eea6be3c5f8c6655eec7dc13aee43d2efe0170436bd84f5a9-1,2023-04-21 01:02:11,WETH/DED,1.2695595320323605,0.0,0.0,16395192180.116812,2555.1912358330296,0x6b75d8af000000e20b7a7ddf000ba900b4009a80,0x6b75d8af000000e20b7a7ddf000ba900b4009a80,{'id': '0x3cf2eae485a4f82eea6be3c5f8c6655eec7dc13aee43d2efe0170436bd84f5a9'},1.558500326047916e-07,buyer,-2555.1912358330296,0x3cf2eae485a4f82eea6be3c5f8c6655eec7dc13aee43d2efe0170436bd84f5a9,0xae2Fc483527B8EF99EB5D9B44875F005ba1FaE13
47,0x60e1a50280d2aed08f13ccd0c45af9250a094b5c07da84942cbf25167d6c4d9c-0,2023-04-21 01:02:11,WETH/DED,0.5,0.0,0.0,11961045825.569489,991.0329838682112,0xa16f60f031029bea07898c28649415b689a90796,0xef1c6e67703c7bd7107eed8303fbe6ec2554bf6b,{'id': '0x60e1a50280d2aed08f13ccd0c45af9250a094b5c07da84942cbf25167d6c4d9c'},8.285504447693446e-08,buyer,-991.0329838682112,0x60e1a50280d2aed08f13ccd0c45af9250a094b5c07da84942cbf25167d6c4d9c,0xa16f60F031029bEa07898C28649415B689a90796
48,0xa6437607294379949fdcc23ff4801882f09a4d4888d8799295a6ab9c0f5b8dc5-0,2023-04-21 01:02:11,WETH/DED,0.0,5.106805628406317,93524520388.46591,0.0,8654.359153566627,0x7a250d5630b4cf539739df2c5dacb4c659f2488d,0x7a250d5630b4cf539739df2c5dacb4c659f2488d,{'id': '0xa6437607294379949fdcc23ff4801882f09a4d4888d8799295a6ab9c0f5b8dc5'},9.253572344043736e-08,seller,8654.359153566627,0xa6437607294379949fdcc23ff4801882f09a4d4888d8799295a6ab9c0f5b8dc5,0x6F46ABc204AdC0491bBe88C93a6F1d795686a05E
49,0xaf27ff741520620f1c4b5b49cc42b21bd6337c82130b4c8025ae7694b8b9b6f2-0,2023-04-21 01:02:11,WETH/DED,0.025,0.0,0.0,575047257.6926082,48.73810393898685,0x5b6a27412fd16821aca6ea067f0532753e8f54c3,0xef1c6e67703c7bd7107eed8303fbe6ec2554bf6b,{'id': '0xaf27ff741520620f1c4b5b49cc42b21bd6337c82130b4c8025ae7694b8b9b6f2'},8.475495411377099e-08,buyer,-48.73810393898685,0xaf27ff741520620f1c4b5b49cc42b21bd6337c82130b4c8025ae7694b8b9b6f2,0x5B6a27412FD16821ACa6ea067f0532753e8f54c3
50,0xc453baf237a08459779dee43e981a3878d9ae66eadfd2af3ab4886be41db2e67-1,2023-04-21 01:02:11,WETH/DED,0.0,1.2987212475756709,16395192180.116812,0.0,2457.1338007531026,0x6b75d8af000000e20b7a7ddf000ba900b4009a80,0x6b75d8af000000e20b7a7ddf000ba900b4009a80,{'id': '0xc453baf237a08459779dee43e981a3878d9ae66eadfd2af3ab4886be41db2e67'},1.4986916736072052e-07,seller,2457.1338007531026,0xc453baf237a08459779dee43e981a3878d9ae66eadfd2af3ab4886be41db2e67,0xae2Fc483527B8EF99EB5D9B44875F005ba1FaE13
51,0xd034b461a6f2f059a365a179ee01947701836e345c12ed8d712400a6e25a69df-0,2023-04-21 01:02:11,WETH/DED,0.012,0.0,0.0,277089903.0645411,23.38401424286025,0xf9089cc1090e624ef09090c0cee8d00ec58b9b02,0xef1c6e67703c7bd7107eed8303fbe6ec2554bf6b,{'id': '0xd034b461a6f2f059a365a179ee01947701836e345c12ed8d712400a6e25a69df'},8.439143391454986e-08,buyer,-23.38401424286025,0xd034b461a6f2f059a365a179ee01947701836e345c12ed8d712400a6e25a69df,0xF9089Cc1090e624ef09090c0CEE8D00eC58B9b02
52,0xf0fda83caf697749858a626a7e9578a7f78f16197b422cced240a3b209a9af4e-0,2023-04-21 01:02:11,WETH/DED,0.3,0.0,0.0,3579577862.890261,588.6683207738898,0xc5138cbf2a63e234689c1e40ff4553fdda1bffbd,0x7a250d5630b4cf539739df2c5dacb4c659f2488d,{'id': '0xf0fda83caf697749858a626a7e9578a7f78f16197b422cced240a3b209a9af4e'},1.6445188324485305e-07,buyer,-588.6683207738898,0xf0fda83caf697749858a626a7e9578a7f78f16197b422cced240a3b209a9af4e,0xC5138cbF2A63e234689c1E40FF4553fdDa1bFFBD
53,0x1335cadb1c496de91120ea71cebb87be3ec59adcf63623cbfaa541470b5f26bc-0,2023-04-21 01:02:23,WETH/DED,0.2,0.0,0.0,4531407792.780565,392.20898365015785,0x822fc93407c81ba1401838cb2991130d2be36a94,0xef1c6e67703c7bd7107eed8303fbe6ec2554bf6b,{'id': '0x1335cadb1c496de91120ea71cebb87be3ec59adcf63623cbfaa541470b5f26bc'},8.655345128615987e-08,buyer,-392.20898365015785,0x1335cadb1c496de91120ea71cebb87be3ec59adcf63623cbfaa541470b5f26bc,0x822FC93407C81BA1401838Cb2991130D2bE36a94
54,0x2ef85256fc14ad8c4db7fa8313464b4e6711d6da0c66218d6c853837dde340c0-0,2023-04-21 01:02:23,WETH/DED,0.01,0.0,0.0,223394251.69363934,19.48524834582328,0x9d0419f59c747e57d57e7d57f7e790204323172c,0xef1c6e67703c7bd7107eed8303fbe6ec2554bf6b,{'id': '0x2ef85256fc14ad8c4db7fa8313464b4e6711d6da0c66218d6c853837dde340c0'},8.722358878125994e-08,buyer,-19.48524834582328,0x2ef85256fc14ad8c4db7fa8313464b4e6711d6da0c66218d6c853837dde340c0,0x9d0419f59c747E57d57e7d57f7E790204323172C
55,0x4f68f6647f4262c8ac1530103e6b23f8fd6ea422ffafcd608aa7c1f183adc08c-0,2023-04-21 01:02:23,WETH/DED,0.1,0.0,0.0,2217689443.7890215,195.43677091902225,0x3f19e78ff153956d43e69ddfdde68cbefd19561e,0xef1c6e67703c7bd7107eed8303fbe6ec2554bf6b,{'id': '0x4f68f6647f4262c8ac1530103e6b23f8fd6ea422ffafcd608aa7c1f183adc08c'},8.81263025652094e-08,buyer,-195.43677091902225,0x4f68f6647f4262c8ac1530103e6b23f8fd6ea422ffafcd608aa7c1f183adc08c,0x3F19E78FF153956D43E69ddFddE68cbEfD19561E
56,0x09f85f2431722af074f839758b9527eb2f0efe8b5af7499f80398356edbd56ed-0,2023-04-21 01:02:35,WETH/DED,0.01,0.0,0.0,138149795.07019743,19.483858403132704,0xee2dd0d42c3526d3f2ba7c120feedc5fe9c7d236,0xef1c6e67703c7bd7107eed8303fbe6ec2554bf6b,{'id': '0x09f85f2431722af074f839758b9527eb2f0efe8b5af7499f80398356edbd56ed'},1.4103429102614636e-07,buyer,-19.483858403132704,0x09f85f2431722af074f839758b9527eb2f0efe8b5af7499f80398356edbd56ed,0xEe2dd0D42C3526d3f2bA7C120FeEDC5fE9C7d236
57,0x13619eedb1694f04e058084ecc97c6e00a2b7b981828acdfc590f1e7d7c5ad9b-0,2023-04-21 01:02:35,WETH/DED,0.2,0.0,0.0,3820119066.7089725,391.9918076990838,0x822fc93407c81ba1401838cb2991130d2be36a94,0xef1c6e67703c7bd7107eed8303fbe6ec2554bf6b,{'id': '0x13619eedb1694f04e058084ecc97c6e00a2b7b981828acdfc590f1e7d7c5ad9b'},1.0261245810769563e-07,buyer,-391.9918076990838,0x13619eedb1694f04e058084ecc97c6e00a2b7b981828acdfc590f1e7d7c5ad9b,0x822FC93407C81BA1401838Cb2991130D2bE36a94
58,0x1c7b41cb447bd0e8aead498b45c92e55748bac21a6cfb2aca936c8a0b0ed2cb1-0,2023-04-21 01:02:35,WETH/DED,0.01,0.0,0.0,188546299.61829236,19.484719235174286,0x8844eb6a34b5b59df754658d8b01e05cb0c2b0dd,0xef1c6e67703c7bd7107eed8303fbe6ec2554bf6b,{'id': '0x1c7b41cb447bd0e8aead498b45c92e55748bac21a6cfb2aca936c8a0b0ed2cb1'},1.0334182784080435e-07,buyer,-19.484719235174286,0x1c7b41cb447bd0e8aead498b45c92e55748bac21a6cfb2aca936c8a0b0ed2cb1,0x8844EB6a34b5B59dF754658D8b01e05cb0c2b0Dd
59,0x521523011d32b2472610bec93205ff9d2e24b4af9095a249d667d50f88daeae7-0,2023-04-21 01:02:35,WETH/DED,0.15,0.0,0.0,2089793764.1645632,293.3394609498809,0xb37bea40ea3330a73bd60a8468d2c5a2ee2dfa83,0xef1c6e67703c7bd7107eed8303fbe6ec2554bf6b,{'id': '0x521523011d32b2472610bec93205ff9d2e24b4af9095a249d667d50f88daeae7'},1.403676601873435e-07,buyer,-293.3394609498809,0x521523011d32b2472610bec93205ff9d2e24b4af9095a249d667d50f88daeae7,0xb37beA40Ea3330a73BD60A8468d2c5a2EE2DfA83
60,0x5a00a124e0bb28d9b475bf4276d236fdf94c7d0e3930fcdd06426a67f4298ea8-0,2023-04-21 01:02:35,WETH/DED,0.05,0.0,0.0,700253314.344859,97.52244491696344,0x917a4e769a20e51abff4f709575603fcbfcddbd6,0x7a250d5630b4cf539739df2c5dacb4c659f2488d,{'id': '0x5a00a124e0bb28d9b475bf4276d236fdf94c7d0e3930fcdd06426a67f4298ea8'},1.3926738070237227e-07,buyer,-97.52244491696344,0x5a00a124e0bb28d9b475bf4276d236fdf94c7d0e3930fcdd06426a67f4298ea8,0x917A4E769A20E51aBfF4f709575603FCBFcDDBD6
61,0x5ac1e227975bcfb455cfc904426e8182b9a6bd39482f6fabac76ba9388092aad-0,2023-04-21 01:02:35,WETH/DED,0.2,0.0,0.0,3196258291.4710884,391.7829129270345,0x03da6b5a21e3f3bf9c508ae7e97510887e1aeabb,0x7a250d5630b4cf539739df2c5dacb4c659f2488d,{'id': '0x5ac1e227975bcfb455cfc904426e8182b9a6bd39482f6fabac76ba9388092aad'},1.2257548583369184e-07,buyer,-391.7829129270345,0x5ac1e227975bcfb455cfc904426e8182b9a6bd39482f6fabac76ba9388092aad,0x03dA6B5a21E3F3BF9c508aE7e97510887e1aeaBb
62,0x82968bfead0b1a84c336f3b1e0c03def2391ba8b0a04ea09b634191c1a3c2fae-0,2023-04-21 01:02:35,WETH/DED,0.0,3.6339247878866,62375998034.03264,0.0,6419.977182440626,0x000000adf684e05b0e33f8724fff2e9ce8cc6248,0x000000adf684e05b0e33f8724fff2e9ce8cc6248,{'id': '0x82968bfead0b1a84c336f3b1e0c03def2391ba8b0a04ea09b634191c1a3c2fae'},1.029238390532502e-07,seller,6419.977182440626,0x82968bfead0b1a84c336f3b1e0c03def2391ba8b0a04ea09b634191c1a3c2fae,0x111206594F2fB5927f719b4417Ab1DA3D41B14b1
63,0x962b55b7b4ba870efe31b6c6dedd71d4cbf0e0794cbdc7a55b2b4b6a5e4551f7-0,2023-04-21 01:02:35,WETH/DED,0.25,0.0,0.0,3895978619.28673,490.37988254556876,0x1525d364a4b28438b2b10f84530f427a836d4aea,0x7a250d5630b4cf539739df2c5dacb4c659f2488d,{'id': '0x962b55b7b4ba870efe31b6c6dedd71d4cbf0e0794cbdc7a55b2b4b6a5e4551f7'},1.2586821706823093e-07,buyer,-490.37988254556876,0x962b55b7b4ba870efe31b6c6dedd71d4cbf0e0794cbdc7a55b2b4b6a5e4551f7,0x1525D364A4b28438B2b10F84530F427a836D4AeA
64,0xa79923ca5bd13bcc7cf0a747cd3abc755fd471daa4a9a1030605d4195de1fca3-0,2023-04-21 01:02:35,WETH/DED,0.0,0.05,704473816.9824004,0.0,97.5573085874907,0x000000adf684e05b0e33f8724fff2e9ce8cc6248,0x000000adf684e05b0e33f8724fff2e9ce8cc6248,{'id': '0xa79923ca5bd13bcc7cf0a747cd3abc755fd471daa4a9a1030605d4195de1fca3'},1.3848251877603555e-07,seller,97.5573085874907,0xa79923ca5bd13bcc7cf0a747cd3abc755fd471daa4a9a1030605d4195de1fca3,0x1110F5B97703D14AC3dE91bdcd12Cd4566ae48D5
65,0xabc9fe8ed27ae06afd2418d3d5e3be5bc6e052f0ddc5f4508dd66ec391a8026e-0,2023-04-21 01:02:35,WETH/DED,0.2,0.0,0.0,3269548549.3065076,391.8082643639903,0x43134dd29523c86c1ac6d0ccb920278b2b89eac0,0x7a250d5630b4cf539739df2c5dacb4c659f2488d,{'id': '0xabc9fe8ed27ae06afd2418d3d5e3be5bc6e052f0ddc5f4508dd66ec391a8026e'},1.198355853890273e-07,buyer,-391.8082643639903,0xabc9fe8ed27ae06afd2418d3d5e3be5bc6e052f0ddc5f4508dd66ec391a8026e,0x43134dD29523c86c1AC6d0Ccb920278b2b89eac0
66,0xe3487b379cfe3fae8c91ec6e4592114e23359818567e6eef71ff5f1a56be93c4-0,2023-04-21 01:02:35,WETH/DED,2.0,0.0,0.0,37359478365.16429,4148.0426301600155,0x93f5af632ce523286e033f0510e9b3c9710f4489,0x7a250d5630b4cf539739df2c5dacb4c659f2488d,{'id': '0xe3487b379cfe3fae8c91ec6e4592114e23359818567e6eef71ff5f1a56be93c4'},1.1103052857472021e-07,buyer,-4148.0426301600155,0xe3487b379cfe3fae8c91ec6e4592114e23359818567e6eef71ff5f1a56be93c4,0x93f5af632Ce523286e033f0510E9b3C9710F4489
67,0xe593c65bbe8e40633ffca2ef45b8ba01a83c0e070e41e63a0a07f5c67c8b8f85-0,2023-04-21 01:02:35,WETH/DED,2.586758911363656,0.0,0.0,42085817550.49293,5437.762626765018,0x000000adf684e05b0e33f8724fff2e9ce8cc6248,0x000000adf684e05b0e33f8724fff2e9ce8cc6248,{'id': '0xe593c65bbe8e40633ffca2ef45b8ba01a83c0e070e41e63a0a07f5c67c8b8f85'},1.2920653424971493e-07,buyer,-5437.762626765018,0xe593c65bbe8e40633ffca2ef45b8ba01a83c0e070e41e63a0a07f5c67c8b8f85,0x1110F5B97703D14AC3dE91bdcd12Cd4566ae48D5
68,0xe7736600ee209104a04c3f8d360db0d0c9308cf962fea7efd1f345ac5f7d90e9-0,2023-04-21 01:02:35,WETH/DED,1.017103240495875,0.0,0.0,20994654300.52213,2047.9101944092442,0x000000adf684e05b0e33f8724fff2e9ce8cc6248,0x000000adf684e05b0e33f8724fff2e9ce8cc6248,{'id': '0xe7736600ee209104a04c3f8d360db0d0c9308cf962fea7efd1f345ac5f7d90e9'},9.754436367920158e-08,buyer,-2047.9101944092442,0xe7736600ee209104a04c3f8d360db0d0c9308cf962fea7efd1f345ac5f7d90e9,0x1113eFd5C8896CcF251EA360bB9d91F113707F80
69,0x51c6e230df224d5230d879691aebc443be7999fa094aa2de61d04d7121d3a03a-0,2023-04-21 01:02:47,WETH/DED,0.2,0.0,0.0,2888105257.8184643,391.67304072860617,0xc5138cbf2a63e234689c1e40ff4553fdda1bffbd,0x7a250d5630b4cf539739df2c5dacb4c659f2488d,{'id': '0x51c6e230df224d5230d879691aebc443be7999fa094aa2de61d04d7121d3a03a'},1.3561591623722783e-07,buyer,-391.67304072860617,0x51c6e230df224d5230d879691aebc443be7999fa094aa2de61d04d7121d3a03a,0xC5138cbF2A63e234689c1E40FF4553fdDa1bFFBD
70,0xba9bab8dc34f3b28f0fb7566534c70036dc5b8cd8197eefccf40a2d4f5c900b4-0,2023-04-21 01:02:47,WETH/DED,0.0,0.4824740576430698,7079340712.262425,0.0,930.4719678364543,0x6b75d8af000000e20b7a7ddf000ba900b4009a80,0x6b75d8af000000e20b7a7ddf000ba900b4009a80,{'id': '0xba9bab8dc34f3b28f0fb7566534c70036dc5b8cd8197eefccf40a2d4f5c900b4'},1.3143483350430421e-07,seller,930.4719678364543,0xba9bab8dc34f3b28f0fb7566534c70036dc5b8cd8197eefccf40a2d4f5c900b4,0xae2Fc483527B8EF99EB5D9B44875F005ba1FaE13
71,0xc8725ca0b2b0bd43f33f3de384d31bed410c3c5cf22016d29ce4cb2d9a87f4f2-0,2023-04-21 01:02:47,WETH/DED,0.05,0.0,0.0,712425925.9638844,97.52348360290745,0x1293b1da070e4af0a775fc8a66dfe2cc6c44ef27,0x7a250d5630b4cf539739df2c5dacb4c659f2488d,{'id': '0xc8725ca0b2b0bd43f33f3de384d31bed410c3c5cf22016d29ce4cb2d9a87f4f2'},1.3688929620432046e-07,buyer,-97.52348360290745,0xc8725ca0b2b0bd43f33f3de384d31bed410c3c5cf22016d29ce4cb2d9a87f4f2,0x1293B1da070E4aF0A775fC8a66dFe2CC6c44ef27
72,0xdca5c357db85fab6ce086a93be2c6eb7305557767bdb416ff0367f519e738c72-0,2023-04-21 01:02:47,WETH/DED,0.4726602532766351,0.0,0.0,7079340712.262425,932.7074894020616,0x6b75d8af000000e20b7a7ddf000ba900b4009a80,0x6b75d8af000000e20b7a7ddf000ba900b4009a80,{'id': '0xdca5c357db85fab6ce086a93be2c6eb7305557767bdb416ff0367f519e738c72'},1.3175061454331184e-07,buyer,-932.7074894020616,0xdca5c357db85fab6ce086a93be2c6eb7305557767bdb416ff0367f519e738c72,0xae2Fc483527B8EF99EB5D9B44875F005ba1FaE13
73,0x0beba998bd0e92d8552c28dcfca311d57bdc8057f05d593ad0b3444b8bd5d500-0,2023-04-21 01:02:59,WETH/DED,0.01,0.0,0.0,147685691.5921962,19.479538317887553,0xdc912f27f963c7d982b4a691e18e86f37976b046,0xef1c6e67703c7bd7107eed8303fbe6ec2554bf6b,{'id': '0x0beba998bd0e92d8552c28dcfca311d57bdc8057f05d593ad0b3444b8bd5d500'},1.3189861595852029e-07,buyer,-19.479538317887553,0x0beba998bd0e92d8552c28dcfca311d57bdc8057f05d593ad0b3444b8bd5d500,0xdC912f27f963C7D982b4a691E18e86F37976B046
74,0x3b3e5b5100283503ec8518022b59c5a1a47f9ced5408417266c4e6f6a8dd2517-0,2023-04-21 01:02:59,WETH/DED,0.1,0.0,0.0,1488952103.6179483,195.2657901025821,0xdb1777b808bfecaa6bac975ad4c3f47a6e3fc1a8,0x7a250d5630b4cf539739df2c5dacb4c659f2488d,{'id': '0x3b3e5b5100283503ec8518022b59c5a1a47f9ced5408417266c4e6f6a8dd2517'},1.311430969660563e-07,buyer,-195.2657901025821,0x3b3e5b5100283503ec8518022b59c5a1a47f9ced5408417266c4e6f6a8dd2517,0xdB1777B808bFeCaA6bAC975ad4C3F47a6e3FC1A8
75,0xc4630ec3fc4ee3dea79ca709136a71e6350ffed9e1accc9c57fea9e1547a7d47-0,2023-04-21 01:02:59,WETH/DED,0.02,0.0,0.0,295852265.7796944,38.96965121472184,0xcd7338bf8df50cc44eef66de0c4628cccb1f1878,0xef1c6e67703c7bd7107eed8303fbe6ec2554bf6b,{'id': '0xc4630ec3fc4ee3dea79ca709136a71e6350ffed9e1accc9c57fea9e1547a7d47'},1.317199687892216e-07,buyer,-38.96965121472184,0xc4630ec3fc4ee3dea79ca709136a71e6350ffed9e1accc9c57fea9e1547a7d47,0xcD7338BF8dF50Cc44EEF66DE0C4628CccB1f1878
76,0x1fcd104810e6661a4410ce80f96d513240d1da095ba10e5a82ade2246882be3e-0,2023-04-21 01:03:11,WETH/DED,0.01,0.0,0.0,147398118.18223104,19.47979503654772,0x1865a0fb14cc7963b7aeac96ec91087816fbf1d9,0xef1c6e67703c7bd7107eed8303fbe6ec2554bf6b,{'id': '0x1fcd104810e6661a4410ce80f96d513240d1da095ba10e5a82ade2246882be3e'},1.3215769154165515e-07,buyer,-19.47979503654772,0x1fcd104810e6661a4410ce80f96d513240d1da095ba10e5a82ade2246882be3e,0x1865A0FB14cC7963B7AeaC96ec91087816fbf1D9
77,0x4ff786e52d24e812c8348a3aebdbefdb9024b4bd6a7632a875c89890b083ac19-0,2023-04-21 01:03:11,WETH/DED,0.2,0.0,0.0,2914873284.790164,391.5976427437828,0xefec416df4aaf615da00c83889f6767e8a18ccdc,0xef1c6e67703c7bd7107eed8303fbe6ec2554bf6b,{'id': '0x4ff786e52d24e812c8348a3aebdbefdb9024b4bd6a7632a875c89890b083ac19'},1.3434465394675746e-07,buyer,-391.5976427437828,0x4ff786e52d24e812c8348a3aebdbefdb9024b4bd6a7632a875c89890b083ac19,0xEFec416Df4aaf615Da00c83889F6767E8a18CcDc
78,0xc48d879a36e5dfdf471be2ce29095690fc3d90e6dda66cd93dbfc83491384963-0,2023-04-21 01:03:11,WETH/DED,0.008,0.0,0.0,118033417.48179828,15.58299417311028,0x7f1cce4050107679e73db42df78b7b652f251f65,0xef1c6e67703c7bd7107eed8303fbe6ec2554bf6b,{'id': '0xc48d879a36e5dfdf471be2ce29095690fc3d90e6dda66cd93dbfc83491384963'},1.3202188418812244e-07,buyer,-15.58299417311028,0xc48d879a36e5dfdf471be2ce29095690fc3d90e6dda66cd93dbfc83491384963,0x7F1cCE4050107679E73Db42dF78b7b652F251f65
79,0xc83b831a645d2671380960dd3bd59cd5c093a2066d252ab87e54c8b7f470dd33-0,2023-04-21 01:03:11,WETH/DED,0.01,0.0,0.0,143950170.70552137,19.479732916135834,0xf26eba0c377beac6266b8f5a8266a7599ac9c4be,0xef1c6e67703c7bd7107eed8303fbe6ec2554bf6b,{'id': '0xc83b831a645d2671380960dd3bd59cd5c093a2066d252ab87e54c8b7f470dd33'},1.3532274967554913e-07,buyer,-19.479732916135834,0xc83b831a645d2671380960dd3bd59cd5c093a2066d252ab87e54c8b7f470dd33,0xf26ebA0C377BEAC6266B8f5A8266A7599aC9c4bE
80,0xca2979b9ee7026d76d9a8842a88fbef71dcbcd46c8a030e308f86f290e8a2e9a-0,2023-04-21 01:03:11,WETH/DED,0.01,0.0,0.0,144104256.40955594,19.479735708007322,0xee2dd0d42c3526d3f2ba7c120feedc5fe9c7d236,0xef1c6e67703c7bd7107eed8303fbe6ec2554bf6b,{'id': '0xca2979b9ee7026d76d9a8842a88fbef71dcbcd46c8a030e308f86f290e8a2e9a'},1.3517807310732264e-07,buyer,-19.479735708007322,0xca2979b9ee7026d76d9a8842a88fbef71dcbcd46c8a030e308f86f290e8a2e9a,0xEe2dd0D42C3526d3f2bA7C120FeEDC5fE9C7d236
81,0x007ba23c3b556592932077c657ada669c9ef77c117b25f185207504d973f518a-0,2023-04-21 01:03:23,WETH/DED,2.0,0.0,0.0,18578297612.37852,4069.511895930463,0x2873423f30fafb91e65eef97920f41847e95bed1,0xef1c6e67703c7bd7107eed8303fbe6ec2554bf6b,{'id': '0x007ba23c3b556592932077c657ada669c9ef77c117b25f185207504d973f518a'},2.1904654456708623e-07,buyer,-4069.511895930463,0x007ba23c3b556592932077c657ada669c9ef77c117b25f185207504d973f518a,0x2873423F30FAfb91E65eEF97920F41847E95bED1
82,0x3fa99dce6ae8f1581378ae70bf7e850fbd38cdb5c0e4ceaaa03cb239df99892c-0,2023-04-21 01:03:23,WETH/DED,0.05,0.0,0.0,616272881.6983193,97.4931551986218,0x119334c3f45a0764a51f34fb761d5a2d874d66a3,0x7a250d5630b4cf539739df2c5dacb4c659f2488d,{'id': '0x3fa99dce6ae8f1581378ae70bf7e850fbd38cdb5c0e4ceaaa03cb239df99892c'},1.5819802898019954e-07,buyer,-97.4931551986218,0x3fa99dce6ae8f1581378ae70bf7e850fbd38cdb5c0e4ceaaa03cb239df99892c,0x119334c3f45a0764a51F34fB761d5a2d874D66A3
83,0x47deaac79cad52f93f5b7d009a3bd5bcaf7a481ef5becf11daa1ac7a1d0fb73f-0,2023-04-21 01:03:23,WETH/DED,3.49677599229739,0.0,0.0,42395346169.27227,7446.345847712784,0x6b75d8af000000e20b7a7ddf000ba900b4009a80,0x6b75d8af000000e20b7a7ddf000ba900b4009a80,{'id': '0x47deaac79cad52f93f5b7d009a3bd5bcaf7a481ef5becf11daa1ac7a1d0fb73f'},1.756406426776584e-07,buyer,-7446.345847712784,0x47deaac79cad52f93f5b7d009a3bd5bcaf7a481ef5becf11daa1ac7a1d0fb73f,0xae2Fc483527B8EF99EB5D9B44875F005ba1FaE13
84,0x7c00e469d6b6d8b4fb81be2c941c353355c356c577cc2ba8823a5ff563ce6af0-0,2023-04-21 01:03:23,WETH/DED,0.0,4.107387253636989,42395346169.27227,0.0,7341.484905567104,0x6b75d8af000000e20b7a7ddf000ba900b4009a80,0x6b75d8af000000e20b7a7ddf000ba900b4009a80,{'id': '0x7c00e469d6b6d8b4fb81be2c941c353355c356c577cc2ba8823a5ff563ce6af0'},1.731672357681594e-07,seller,7341.484905567104,0x7c00e469d6b6d8b4fb81be2c941c353355c356c577cc2ba8823a5ff563ce6af0,0xae2Fc483527B8EF99EB5D9B44875F005ba1FaE13
85,0xead142be3caf500f9023cb5befd01034fa8894be10f476859c7a1741495fd41a-0,2023-04-21 01:03:23,WETH/DED,0.01,0.0,0.0,122889122.75462091,19.47943677709776,0x769beb090358c5b30623eeea82d7b02c73d7e970,0xef1c6e67703c7bd7107eed8303fbe6ec2554bf6b,{'id': '0xead142be3caf500f9023cb5befd01034fa8894be10f476859c7a1741495fd41a'},1.585122941758919e-07,buyer,-19.47943677709776,0xead142be3caf500f9023cb5befd01034fa8894be10f476859c7a1741495fd41a,0x769bEB090358c5B30623Eeea82D7B02c73D7e970
86,0xfd66ca92379543ad8debc9c9922e20c32aa9f1d0b93964e4c747b2de99582b01-0,2023-04-21 01:03:23,WETH/DED,0.1,0.0,0.0,1016640136.766773,195.18372915286125,0x52e14e8dfc87e8875ce5e9a94019f497b82b3e01,0x68b3465833fb72a70ecdf485e0e4c7bd8665fc45,{'id': '0xfd66ca92379543ad8debc9c9922e20c32aa9f1d0b93964e4c747b2de99582b01'},1.9198900583800014e-07,buyer,-195.18372915286125,0xfd66ca92379543ad8debc9c9922e20c32aa9f1d0b93964e4c747b2de99582b01,0x52e14E8dFC87e8875CE5E9A94019f497b82b3e01
87,0x2e214f32b85eba3fdee3305d79be72bb24ef63c854f7329aad0d0c9e4de4d96a-0,2023-04-21 01:03:35,WETH/DED,0.99,0.0,0.0,10900252348.469173,1973.635258053884,0xb61cbc559425bf5f156d8c759b4a72ff09a2dc30,0x11a2e73bada26f184e3d508186085c72217dc014,{'id': '0x2e214f32b85eba3fdee3305d79be72bb24ef63c854f7329aad0d0c9e4de4d96a'},1.810632630290491e-07,buyer,-1973.635258053884,0x2e214f32b85eba3fdee3305d79be72bb24ef63c854f7329aad0d0c9e4de4d96a,0xB61cbc559425BF5F156D8c759B4a72FF09a2DC30
88,0x444a8ccef69eb4f81e295257e88b1b96019b259878f4e6d018c40f553f52df51-0,2023-04-21 01:03:35,WETH/DED,0.15,0.0,0.0,1828902511.6041117,293.20100134624386,0x4ff34d243b0c5e473989c54f565b6f05d421826b,0x7a250d5630b4cf539739df2c5dacb4c659f2488d,{'id': '0x444a8ccef69eb4f81e295257e88b1b96019b259878f4e6d018c40f553f52df51'},1.6031527076261724e-07,buyer,-293.20100134624386,0x444a8ccef69eb4f81e295257e88b1b96019b259878f4e6d018c40f553f52df51,0x4FF34D243b0c5e473989c54F565B6f05D421826b
89,0x88f01270468ac882e780d262de19682d1025b8e5a7a7a1a49af474d8b4769a47-0,2023-04-21 01:03:35,WETH/DED,0.5,0.0,0.0,5906947126.300873,985.6605788341762,0x9d34151abe8d1594e74f463d350840119ab0689b,0x7a250d5630b4cf539739df2c5dacb4c659f2488d,{'id': '0x88f01270468ac882e780d262de19682d1025b8e5a7a7a1a49af474d8b4769a47'},1.6686463544687757e-07,buyer,-985.6605788341762,0x88f01270468ac882e780d262de19682d1025b8e5a7a7a1a49af474d8b4769a47,0x9D34151abE8d1594e74F463D350840119aB0689b
90,0x8ec52efbce1d522059fde5a2b93cc8f5e8c7fb335e6693348a7987b5d9fcebb0-0,2023-04-21 01:03:47,WETH/DED,0.6,0.0,0.0,6139155475.680922,1184.5169868400694,0x1529282ea2d39c1a7a78608c0d0cab72a265196d,0x7a250d5630b4cf539739df2c5dacb4c659f2488d,{'id': '0x8ec52efbce1d522059fde5a2b93cc8f5e8c7fb335e6693348a7987b5d9fcebb0'},1.9294461453734226e-07,buyer,-1184.5169868400694,0x8ec52efbce1d522059fde5a2b93cc8f5e8c7fb335e6693348a7987b5d9fcebb0,0x1529282Ea2D39c1a7a78608c0D0cAB72A265196D
91,0xc230a7f2f3dce40825181333146893c51865f725aa71902c55ee1b9c216ab187-0,2023-04-21 01:03:47,WETH/DED,0.05,0.0,0.0,496830516.5592487,97.48395182316233,0x999b6962314fe2c9f14fc21defa291e7bce315d6,0x7a250d5630b4cf539739df2c5dacb4c659f2488d,{'id': '0xc230a7f2f3dce40825181333146893c51865f725aa71902c55ee1b9c216ab187'},1.9621168300666782e-07,buyer,-97.48395182316233,0xc230a7f2f3dce40825181333146893c51865f725aa71902c55ee1b9c216ab187,0x999B6962314fe2C9f14FC21dEFA291e7BcE315d6
92,0xf08681515cbbf573089cf807bdd3dc2679caad4be007550ef001cd144f211caa-0,2023-04-21 01:03:47,WETH/DED,0.013999999999999999,0.0,0.0,138717628.56147632,27.273675108096665,0x908493842007d84d76a8b9a41d442e3aa47dfc01,0xef1c6e67703c7bd7107eed8303fbe6ec2554bf6b,{'id': '0xf08681515cbbf573089cf807bdd3dc2679caad4be007550ef001cd144f211caa'},1.9661289910250755e-07,buyer,-27.273675108096665,0xf08681515cbbf573089cf807bdd3dc2679caad4be007550ef001cd144f211caa,0x908493842007D84D76A8B9a41D442E3Aa47DfC01
93,0x6685dfaae45610f5411fc5681a02079730fa8ef01f7800de3c7ba31393a80575-0,2023-04-21 01:03:59,WETH/DED,0.7,0.0,0.0,6459430969.394571,1383.9783862758532,0x4a925ed5229adaf8d4071968439a860821caa237,0x7a250d5630b4cf539739df2c5dacb4c659f2488d,{'id': '0x6685dfaae45610f5411fc5681a02079730fa8ef01f7800de3c7ba31393a80575'},2.142570131693149e-07,buyer,-1383.9783862758532,0x6685dfaae45610f5411fc5681a02079730fa8ef01f7800de3c7ba31393a80575,0x4A925ed5229ADaf8d4071968439A860821CAA237
94,0x93d30b8827da7ab4dfa9fea8fbddc472bcc97598f0307bff7bdfb3291edd58cf-0,2023-04-21 01:03:59,WETH/DED,0.9389633321849324,0.0,0.0,8926918102.195005,1866.6937959529157,0x6b75d8af000000e20b7a7ddf000ba900b4009a80,0x6b75d8af000000e20b7a7ddf000ba900b4009a80,{'id': '0x93d30b8827da7ab4dfa9fea8fbddc472bcc97598f0307bff7bdfb3291edd58cf'},2.0910842628811858e-07,buyer,-1866.6937959529157,0x93d30b8827da7ab4dfa9fea8fbddc472bcc97598f0307bff7bdfb3291edd58cf,0xae2Fc483527B8EF99EB5D9B44875F005ba1FaE13
95,0x94dfca7d1daa8006cab6298575430741eb7eb00a0d4931ad0d49a898cfbbf770-0,2023-04-21 01:03:59,WETH/DED,0.0,0.9728814577205904,8926918102.195005,0.0,1861.6648360125275,0x6b75d8af000000e20b7a7ddf000ba900b4009a80,0x6b75d8af000000e20b7a7ddf000ba900b4009a80,{'id': '0x94dfca7d1daa8006cab6298575430741eb7eb00a0d4931ad0d49a898cfbbf770'},2.0854507845823856e-07,seller,1861.6648360125275,0x94dfca7d1daa8006cab6298575430741eb7eb00a0d4931ad0d49a898cfbbf770,0xae2Fc483527B8EF99EB5D9B44875F005ba1FaE13
96,0xc5a7f1c1254ec597d134259ebdde6ed1018a4484346dba59209f605a07e8cb54-0,2023-04-21 01:03:59,WETH/DED,0.5,0.0,0.0,4468500424.846974,984.1148775964648,0xdc336c6f9e587f6ec725896a7b5c15f630b65e57,0xef1c6e67703c7bd7107eed8303fbe6ec2554bf6b,{'id': '0xc5a7f1c1254ec597d134259ebdde6ed1018a4484346dba59209f605a07e8cb54'},2.2023381090540372e-07,buyer,-984.1148775964648,0xc5a7f1c1254ec597d134259ebdde6ed1018a4484346dba59209f605a07e8cb54,0xdc336C6f9E587F6EC725896a7b5C15f630B65e57
97,0x0a150d61d2c7c962a5039473c0a226e0da46deadd19985d6f29114b7a1cd6a2d-0,2023-04-21 01:04:11,WETH/DED,0.0,2.188435793463743,19257592753.328625,0.0,4087.685296391817,0x6b75d8af000000e20b7a7ddf000ba900b4009a80,0x6b75d8af000000e20b7a7ddf000ba900b4009a80,{'id': '0x0a150d61d2c7c962a5039473c0a226e0da46deadd19985d6f29114b7a1cd6a2d'},2.122635652727297e-07,seller,4087.685296391817,0x0a150d61d2c7c962a5039473c0a226e0da46deadd19985d6f29114b7a1cd6a2d,0xae2Fc483527B8EF99EB5D9B44875F005ba1FaE13
98,0x4a37754acf1d4bfabcb544360fcda4f782b42204c1aebb698e2ee35b5806dd29-0,2023-04-21 01:04:11,WETH/DED,0.01,0.0,0.0,91376187.55597667,19.47929511351309,0xf8a065f287d91d77cd626af38ffa220d9b552a2b,0xef1c6e67703c7bd7107eed8303fbe6ec2554bf6b,{'id': '0x4a37754acf1d4bfabcb544360fcda4f782b42204c1aebb698e2ee35b5806dd29'},2.1317692972887663e-07,buyer,-19.47929511351309,0x4a37754acf1d4bfabcb544360fcda4f782b42204c1aebb698e2ee35b5806dd29,0xf8A065F287d91d77cD626AF38ffA220D9B552A2b
99,0x7e779d96b4dfd7a86128549e2af2919c7e454ed736dbc19d2d30b7d412220427-0,2023-04-21 01:04:11,WETH/DED,0.05,0.0,0.0,458051262.14213836,97.47958080668708,0x3126d84492ab51f2eb1c7e61faff883b6f27d4b1,0x7a250d5630b4cf539739df2c5dacb4c659f2488d,{'id': '0x7e779d96b4dfd7a86128549e2af2919c7e454ed736dbc19d2d30b7d412220427'},2.1281369327705965e-07,buyer,-97.47958080668708,0x7e779d96b4dfd7a86128549e2af2919c7e454ed736dbc19d2d30b7d412220427,0x3126d84492AB51f2eB1c7E61faff883b6f27D4B1
100,0xc6e3f790c5585306672dd122a0739a4d6ab28dbb0619ad265b6e7356f6277ca1-0,2023-04-21 01:04:11,WETH/DED,0.015,0.0,0.0,119836863.69673172,29.22144736582052,0x1a05340c029f7b2bf8a5afd5ff8bc4a41f2c45c4,0xef1c6e67703c7bd7107eed8303fbe6ec2554bf6b,{'id': '0xc6e3f790c5585306672dd122a0739a4d6ab28dbb0619ad265b6e7356f6277ca1'},2.438435591886862e-07,buyer,-29.22144736582052,0xc6e3f790c5585306672dd122a0739a4d6ab28dbb0619ad265b6e7356f6277ca1,0x1A05340c029f7b2BF8A5aFD5fF8Bc4A41F2c45c4
101,0xd29b6ad5dcfd19339519f8f95b83d573945593e1710d6fe499f9fe17c7818f03-0,2023-04-21 01:04:11,WETH/DED,0.1,0.0,0.0,802588185.9601448,195.1406601822039,0x990ccfffa52d8e04b32ee824731f9a369fd8560b,0x7a250d5630b4cf539739df2c5dacb4c659f2488d,{'id': '0xd29b6ad5dcfd19339519f8f95b83d573945593e1710d6fe499f9fe17c7818f03'},2.4313921335479796e-07,buyer,-195.1406601822039,0xd29b6ad5dcfd19339519f8f95b83d573945593e1710d6fe499f9fe17c7818f03,0x990ccfFfA52d8E04B32EE824731f9A369FD8560B
102,0xe912c9d673d6d580c605946a9eb6609a0d52645c8443a2760be9086acac3dfcf-0,2023-04-21 01:04:11,WETH/DED,0.0,0.8921064162840787,8351526859.489534,0.0,1709.6709585349427,0xef1c6e67703c7bd7107eed8303fbe6ec2554bf6b,0xef1c6e67703c7bd7107eed8303fbe6ec2554bf6b,{'id': '0xe912c9d673d6d580c605946a9eb6609a0d52645c8443a2760be9086acac3dfcf'},2.047135796003944e-07,seller,1709.6709585349427,0xe912c9d673d6d580c605946a9eb6609a0d52645c8443a2760be9086acac3dfcf,0x822FC93407C81BA1401838Cb2991130D2bE36a94
103,0xee590c9f883111078d590273bb2876e69f3bf93e683052f91ba66149a1ec07ab-0,2023-04-21 01:04:11,WETH/DED,0.5,0.0,0.0,4690439312.172332,984.3667491154905,0x6b75d8af000000e20b7a7ddf000ba900b4009a80,0x7a250d5630b4cf539739df2c5dacb4c659f2488d,{'id': '0xee590c9f883111078d590273bb2876e69f3bf93e683052f91ba66149a1ec07ab'},2.0986664224839753e-07,buyer,-984.3667491154905,0xee590c9f883111078d590273bb2876e69f3bf93e683052f91ba66149a1ec07ab,0x4D521577f820525964C392352bB220482F1Aa63b
104,0xf8ef6e3d1d0fde91217b66a1f09f351439a763abc2e6cd1f739aace74d35b131-0,2023-04-21 01:04:11,WETH/DED,2.181255456884785,0.0,0.0,19257592753.328625,4450.891641050248,0x6b75d8af000000e20b7a7ddf000ba900b4009a80,0x6b75d8af000000e20b7a7ddf000ba900b4009a80,{'id': '0xf8ef6e3d1d0fde91217b66a1f09f351439a763abc2e6cd1f739aace74d35b131'},2.3112398823995917e-07,buyer,-4450.891641050248,0xf8ef6e3d1d0fde91217b66a1f09f351439a763abc2e6cd1f739aace74d35b131,0xae2Fc483527B8EF99EB5D9B44875F005ba1FaE13
105,0x28093759206b9b61fc76fc6e3f1898168a5fb4e07da36c37a75eaa561bd31405-0,2023-04-21 01:04:23,WETH/DED,0.16,0.0,0.0,1355296232.6072404,312.62634274106733,0x0bb357439535ad99522e9551dcc7e30a991ab3d9,0xef1c6e67703c7bd7107eed8303fbe6ec2554bf6b,{'id': '0x28093759206b9b61fc76fc6e3f1898168a5fb4e07da36c37a75eaa561bd31405'},2.3067011862023322e-07,buyer,-312.62634274106733,0x28093759206b9b61fc76fc6e3f1898168a5fb4e07da36c37a75eaa561bd31405,0x0Bb357439535aD99522e9551Dcc7E30A991aB3D9
106,0x3a889747300f71a998d18eda249d9b7e614eaa29b17c2a55ef2170ccd648cbb8-0,2023-04-21 01:04:23,WETH/DED,1.0,0.0,0.0,5767512831.151141,1980.982933915312,0x5121858f000bf715aa864fca756bda85f2ae8a55,0xef1c6e67703c7bd7107eed8303fbe6ec2554bf6b,{'id': '0x3a889747300f71a998d18eda249d9b7e614eaa29b17c2a55ef2170ccd648cbb8'},3.434726531020004e-07,buyer,-1980.982933915312,0x3a889747300f71a998d18eda249d9b7e614eaa29b17c2a55ef2170ccd648cbb8,0x5121858F000bF715aa864fCa756bdA85f2AE8A55
107,0x3d7c10c4897d0d68a98873fcafcdd600c0516f2e65ae211ed0799f6bdbb6b74f-0,2023-04-21 01:04:23,WETH/DED,0.0,5.902535584750505,41200888518.416275,0.0,10393.115766793384,0x6b75d8af000000e20b7a7ddf000ba900b4009a80,0x6b75d8af000000e20b7a7ddf000ba900b4009a80,{'id': '0x3d7c10c4897d0d68a98873fcafcdd600c0516f2e65ae211ed0799f6bdbb6b74f'},2.522546513080123e-07,seller,10393.115766793384,0x3d7c10c4897d0d68a98873fcafcdd600c0516f2e65ae211ed0799f6bdbb6b74f,0xae2Fc483527B8EF99EB5D9B44875F005ba1FaE13
108,0x4b7eb390a77f53759d8441d261808cd1efbde2974dcdaa80f2805b1d1477e435-0,2023-04-21 01:04:23,WETH/DED,5.580023963389526,0.0,0.0,41200888518.416275,12156.996431371352,0x6b75d8af000000e20b7a7ddf000ba900b4009a80,0x6b75d8af000000e20b7a7ddf000ba900b4009a80,{'id': '0x4b7eb390a77f53759d8441d261808cd1efbde2974dcdaa80f2805b1d1477e435'},2.9506636552115444e-07,buyer,-12156.996431371352,0x4b7eb390a77f53759d8441d261808cd1efbde2974dcdaa80f2805b1d1477e435,0xae2Fc483527B8EF99EB5D9B44875F005ba1FaE13
109,0x5d62498da4f9469fcd719a5de66290dd8ae67550308354305c14022bbf94aeb3-0,2023-04-21 01:04:23,WETH/DED,0.15,0.0,0.0,1286868700.9612336,293.03278810256944,0x9e2cdbeac7baa6f0078e6f44a2d7228e07106bdf,0x7a250d5630b4cf539739df2c5dacb4c659f2488d,{'id': '0x5d62498da4f9469fcd719a5de66290dd8ae67550308354305c14022bbf94aeb3'},2.2770993488588774e-07,buyer,-293.03278810256944,0x5d62498da4f9469fcd719a5de66290dd8ae67550308354305c14022bbf94aeb3,0x9e2cdBeac7baA6f0078e6f44A2d7228E07106bDF
110,0x85492f361055cdf0a91c72653a3a9a82b5fa7e87e0a8cd381a1b0fe5345a5c0d-0,2023-04-21 01:04:23,WETH/DED,0.01,0.0,0.0,84117859.18043861,19.479124480503643,0xe9871ac4da6ee815ea86a7ca466073124287ff68,0xef1c6e67703c7bd7107eed8303fbe6ec2554bf6b,{'id': '0x85492f361055cdf0a91c72653a3a9a82b5fa7e87e0a8cd381a1b0fe5345a5c0d'},2.315694273521581e-07,buyer,-19.479124480503643,0x85492f361055cdf0a91c72653a3a9a82b5fa7e87e0a8cd381a1b0fe5345a5c0d,0xE9871aC4dA6EE815Ea86a7CA466073124287ff68
111,0xad549196ff5575d07d85923cc94504af9e4f94b1c04ae6898ffd785834626628-0,2023-04-21 01:04:23,WETH/DED,0.013999999999999999,0.0,0.0,117649810.34166044,27.272996287825585,0xee2dd0d42c3526d3f2ba7c120feedc5fe9c7d236,0xef1c6e67703c7bd7107eed8303fbe6ec2554bf6b,{'id': '0xad549196ff5575d07d85923cc94504af9e4f94b1c04ae6898ffd785834626628'},2.318150467784313e-07,buyer,-27.272996287825585,0xad549196ff5575d07d85923cc94504af9e4f94b1c04ae6898ffd785834626628,0xEe2dd0D42C3526d3f2bA7C120FeEDC5fE9C7d236
112,0xe55c6ca1191e288861bea7629f594af4369642f4290e53e56f54badd3fb2bff0-0,2023-04-21 01:04:23,WETH/DED,0.01,0.0,0.0,86358059.06547345,19.479177134320885,0x0f34b2ae9e81b683b6628396b667b6a205868a95,0x7a250d5630b4cf539739df2c5dacb4c659f2488d,{'id': '0xe55c6ca1191e288861bea7629f594af4369642f4290e53e56f54badd3fb2bff0'},2.2556293350169556e-07,buyer,-19.479177134320885,0xe55c6ca1191e288861bea7629f594af4369642f4290e53e56f54badd3fb2bff0,0x0F34b2ae9E81B683b6628396B667b6a205868a95
113,0x2a3deb16d98b86a9d0065af8636586373fdcae03f4a2187a71cc2955affac28e-0,2023-04-21 01:04:35,WETH/DED,0.2,0.0,0.0,1499567734.4912038,391.0089725495796,0x990ccfffa52d8e04b32ee824731f9a369fd8560b,0x7a250d5630b4cf539739df2c5dacb4c659f2488d,{'id': '0x2a3deb16d98b86a9d0065af8636586373fdcae03f4a2187a71cc2955affac28e'},2.607477898837608e-07,buyer,-391.0089725495796,0x2a3deb16d98b86a9d0065af8636586373fdcae03f4a2187a71cc2955affac28e,0x990ccfFfA52d8E04B32EE824731f9A369FD8560B
114,0x39486c65e47432b67d7d642472e51fd0ca7b9297e6be7667d96e4bde8f70be04-2,2023-04-21 01:04:35,WETH/DED,0.0,1.34533528784837,10613820403.642342,0.0,2559.7406900189735,0x6b75d8af000000e20b7a7ddf000ba900b4009a80,0x6b75d8af000000e20b7a7ddf000ba900b4009a80,{'id': '0x39486c65e47432b67d7d642472e51fd0ca7b9297e6be7667d96e4bde8f70be04'},2.411705298066423e-07,seller,2559.7406900189735,0x39486c65e47432b67d7d642472e51fd0ca7b9297e6be7667d96e4bde8f70be04,0xae2Fc483527B8EF99EB5D9B44875F005ba1FaE13
115,0xb7550f7873c9634c3011c14a1910f78b4888536a38c63dc00fd9360189232495-2,2023-04-21 01:04:35,WETH/DED,1.3322706587589015,0.0,0.0,10613820403.642342,2665.0767052685073,0x6b75d8af000000e20b7a7ddf000ba900b4009a80,0x6b75d8af000000e20b7a7ddf000ba900b4009a80,{'id': '0xb7550f7873c9634c3011c14a1910f78b4888536a38c63dc00fd9360189232495'},2.510949501608237e-07,buyer,-2665.0767052685073,0xb7550f7873c9634c3011c14a1910f78b4888536a38c63dc00fd9360189232495,0xae2Fc483527B8EF99EB5D9B44875F005ba1FaE13
116,0xb99e9999b452a6e4f02d244d8c0aa2b2e5f7b38205f4f720e67a62b6544db084-0,2023-04-21 01:04:35,WETH/DED,0.006,0.0,0.0,44631056.37884594,11.68643549213243,0x020e91f4ce520d2a97cd3812d2639fb284869d10,0xef1c6e67703c7bd7107eed8303fbe6ec2554bf6b,{'id': '0xb99e9999b452a6e4f02d244d8c0aa2b2e5f7b38205f4f720e67a62b6544db084'},2.618453704732726e-07,buyer,-11.68643549213243,0xb99e9999b452a6e4f02d244d8c0aa2b2e5f7b38205f4f720e67a62b6544db084,0x020E91f4CE520D2A97Cd3812D2639fB284869d10
117,0x5e72ec519693cfdb8365e97e3f45ab985e379670ba6a162d373c1870bd55f030-0,2023-04-21 01:04:47,WETH/DED,0.0,1.0750621407699543,9352452038.846592,0.0,2054.072351413974,0x7a250d5630b4cf539739df2c5dacb4c659f2488d,0x7a250d5630b4cf539739df2c5dacb4c659f2488d,{'id': '0x5e72ec519693cfdb8365e97e3f45ab985e379670ba6a162d373c1870bd55f030'},2.1962928469262658e-07,seller,2054.072351413974,0x5e72ec519693cfdb8365e97e3f45ab985e379670ba6a162d373c1870bd55f030,0x6F46ABc204AdC0491bBe88C93a6F1d795686a05E
118,0xafe198b1b37fa41d3947f9f3b856a43022e94e79f165fcbd86ec7f8778758ae6-0,2023-04-21 01:04:47,WETH/DED,0.1,0.0,0.0,828979781.1115935,195.14657508460917,0xf020fb6b15bda3621e31563a884ac1d9f2d07093,0xef1c6e67703c7bd7107eed8303fbe6ec2554bf6b,{'id': '0xafe198b1b37fa41d3947f9f3b856a43022e94e79f165fcbd86ec7f8778758ae6'},2.3540571137082948e-07,buyer,-195.14657508460917,0xafe198b1b37fa41d3947f9f3b856a43022e94e79f165fcbd86ec7f8778758ae6,0xF020fb6B15bdA3621e31563a884ac1D9F2D07093
119,0xb51179cc750e462e84cee08041b4510e0042e623dbdfe74f42650582e013559b-0,2023-04-21 01:04:47,WETH/DED,0.0,0.08402014887142904,700253314.344859,0.0,163.84260081520483,0x68b3465833fb72a70ecdf485e0e4c7bd8665fc45,0x68b3465833fb72a70ecdf485e0e4c7bd8665fc45,{'id': '0xb51179cc750e462e84cee08041b4510e0042e623dbdfe74f42650582e013559b'},2.3397618755791571e-07,seller,163.84260081520483,0xb51179cc750e462e84cee08041b4510e0042e623dbdfe74f42650582e013559b,0x917A4E769A20E51aBfF4f709575603FCBFcDDBD6
120,0xd37c6e7aa347456dbabb61ef73eb35e5215093cf1f89df66bf1629e3d5003c03-0,2023-04-21 01:04:47,WETH/DED,0.09,0.0,0.0,745433071.8262458,175.59615399911607,0x08339d3977abcb0ac1d7d1012f35aef41108b49c,0xef1c6e67703c7bd7107eed8303fbe6ec2554bf6b,{'id': '0xd37c6e7aa347456dbabb61ef73eb35e5215093cf1f89df66bf1629e3d5003c03'},2.3556260197702372e-07,buyer,-175.59615399911607,0xd37c6e7aa347456dbabb61ef73eb35e5215093cf1f89df66bf1629e3d5003c03,0x08339D3977AbcB0AC1D7d1012F35Aef41108B49c
121,0xd57180603e4ccc241bcbf0a15179109dcc4e62ae97951ca8bf2228d452ea0612-0,2023-04-21 01:04:47,WETH/DED,1.0,0.0,0.0,8675902201.219412,1988.6949169671884,0x4f8555e3129729c22db368a081593bf24ce4a168,0x7a250d5630b4cf539739df2c5dacb4c659f2488d,{'id': '0xd57180603e4ccc241bcbf0a15179109dcc4e62ae97951ca8bf2228d452ea0612'},2.2922053186441799e-07,buyer,-1988.6949169671884,0xd57180603e4ccc241bcbf0a15179109dcc4e62ae97951ca8bf2228d452ea0612,0x4F8555E3129729C22DB368A081593bf24Ce4a168
122,0x09b0c66143af1d0fb5bf2459e013bcdd6c4ffd2130a7dbf291d95736d174e16d-0,2023-04-21 01:04:59,WETH/DED,0.0,0.6113993404499064,5613334827.080434,0.0,1178.8946160799867,0x000000000005af2ddc1a93a03e9b7014064d3b8d,0x000000000005af2ddc1a93a03e9b7014064d3b8d,{'id': '0x09b0c66143af1d0fb5bf2459e013bcdd6c4ffd2130a7dbf291d95736d174e16d'},2.1001679970926384e-07,seller,1178.8946160799867,0x09b0c66143af1d0fb5bf2459e013bcdd6c4ffd2130a7dbf291d95736d174e16d,0x758E8229Dd38cF11fA9E7c0D5f790b4CA16b3B16
123,0x20e03b7176bca72ff8cec4440393435f87343a3e26d33f855986ee6f8dc867c3-0,2023-04-21 01:04:59,WETH/DED,0.05,0.0,0.0,453994378.1906111,97.47899326659703,0x33720d54b9a24731caae62fd745211a2c4d56b0f,0xef1c6e67703c7bd7107eed8303fbe6ec2554bf6b,{'id': '0x20e03b7176bca72ff8cec4440393435f87343a3e26d33f855986ee6f8dc867c3'},2.1471409768354032e-07,buyer,-97.47899326659703,0x20e03b7176bca72ff8cec4440393435f87343a3e26d33f855986ee6f8dc867c3,0x33720d54B9a24731caAE62FD745211a2c4d56B0f
124,0x8acdd35349fec4a67542ca71a6ea656ddbcb9e859394854b6bd918ca26a77dab-0,2023-04-21 01:04:59,WETH/DED,0.01,0.0,0.0,88955759.84868298,19.479235119002443,0x96e1991ebd4b08975cbdca89d09fe7b677af407b,0x1111111254eeb25477b68fb85ed929f73a960582,{'id': '0x8acdd35349fec4a67542ca71a6ea656ddbcb9e859394854b6bd918ca26a77dab'},2.1897665932073805e-07,buyer,-19.479235119002443,0x8acdd35349fec4a67542ca71a6ea656ddbcb9e859394854b6bd918ca26a77dab,0x96E1991eBD4b08975cBDca89d09FE7b677Af407B
125,0x9052d0b1d67b7b69c83013faafefa6e10486f2446ce562b67ec369dae166c068-0,2023-04-21 01:04:59,WETH/DED,0.5892951902747154,0.0,0.0,5613334827.080434,1162.524537973189,0x000000000005af2ddc1a93a03e9b7014064d3b8d,0x000000000005af2ddc1a93a03e9b7014064d3b8d,{'id': '0x9052d0b1d67b7b69c83013faafefa6e10486f2446ce562b67ec369dae166c068'},2.0710051578694666e-07,buyer,-1162.524537973189,0x9052d0b1d67b7b69c83013faafefa6e10486f2446ce562b67ec369dae166c068,0x758E8229Dd38cF11fA9E7c0D5f790b4CA16b3B16
126,0xdfa0f34d3250242c47e23cc8e607ff547b4e87cfab239d2e2fc103f986283a1e-0,2023-04-21 01:04:59,WETH/DED,0.15,0.0,0.0,1396097559.3446984,293.07002594668825,0x0eaf80504b28c0c84957c2955cc2d86a63e3840e,0x7a250d5630b4cf539739df2c5dacb4c659f2488d,{'id': '0xdfa0f34d3250242c47e23cc8e607ff547b4e87cfab239d2e2fc103f986283a1e'},2.099208783691662e-07,buyer,-293.07002594668825,0xdfa0f34d3250242c47e23cc8e607ff547b4e87cfab239d2e2fc103f986283a1e,0x0eAf80504B28c0C84957c2955cc2d86A63e3840e
127,0xef71d5a8ba0b9a4918ecceede11064f0f5c22a836623b30360c39f660abbb588-0,2023-04-21 01:04:59,WETH/DED,0.5,0.0,0.0,4545111288.646827,984.1871069451796,0xa16f60f031029bea07898c28649415b689a90796,0xef1c6e67703c7bd7107eed8303fbe6ec2554bf6b,{'id': '0xef71d5a8ba0b9a4918ecceede11064f0f5c22a836623b30360c39f660abbb588'},2.1653751568274412e-07,buyer,-984.1871069451796,0xef71d5a8ba0b9a4918ecceede11064f0f5c22a836623b30360c39f660abbb588,0xa16f60F031029bEa07898C28649415B689a90796
128,0xf35f6b03d3e509ec0c2728e790055baf7cf5cb4c3bab20349e364e6353873709-0,2023-04-21 01:04:59,WETH/DED,0.19,0.0,0.0,1742895923.3917406,371.5307620227921,0xae6b0ba0f03b01a6ce7abefac086750f95b76a8b,0xef1c6e67703c7bd7107eed8303fbe6ec2554bf6b,{'id': '0xf35f6b03d3e509ec0c2728e790055baf7cf5cb4c3bab20349e364e6353873709'},2.1316864480340247e-07,buyer,-371.5307620227921,0xf35f6b03d3e509ec0c2728e790055baf7cf5cb4c3bab20349e364e6353873709,0xae6b0ba0F03b01A6cE7abEfAC086750F95B76a8B
129,0xf95ecce80dc2b9b2516e7bd0a4ddce24c9df0c5d5e50cf36052c2ccca93e03cb-0,2023-04-21 01:04:59,WETH/DED,0.0,2.0,18066185524.052765,0.0,3748.0156069035434,0x68b3465833fb72a70ecdf485e0e4c7bd8665fc45,0x68b3465833fb72a70ecdf485e0e4c7bd8665fc45,{'id': '0xf95ecce80dc2b9b2516e7bd0a4ddce24c9df0c5d5e50cf36052c2ccca93e03cb'},2.0746026336957242e-07,seller,3748.0156069035434,0xf95ecce80dc2b9b2516e7bd0a4ddce24c9df0c5d5e50cf36052c2ccca93e03cb,0x93f5af632Ce523286e033f0510E9b3C9710F4489
130,0x2c4a6285d5126a5d385cc963d1e7d26fefa89612b75e95bacd4c0a64906b45c0-0,2023-04-21 01:05:11,WETH/DED,0.03,0.0,0.0,242942287.7425932,58.460532778247824,0xe342ce664afb11246265e481a0c095fa635b4b6a,0x7a250d5630b4cf539739df2c5dacb4c659f2488d,{'id': '0x2c4a6285d5126a5d385cc963d1e7d26fefa89612b75e95bacd4c0a64906b45c0'},2.4063547487537055e-07,buyer,-58.460532778247824,0x2c4a6285d5126a5d385cc963d1e7d26fefa89612b75e95bacd4c0a64906b45c0,0xE342CE664afB11246265E481A0c095fa635B4B6a
131,0x537e15dd8bb7b8fe3c456bbbb0cbf7a148c588c54f382dd5201a86a512953295-0,2023-04-21 01:05:11,WETH/DED,0.015,0.0,0.0,121252625.11801346,29.221485846182063,0x6d497f4fb220c498b3b8f1a29bbcc8b72eb2ed6e,0xef1c6e67703c7bd7107eed8303fbe6ec2554bf6b,{'id': '0x537e15dd8bb7b8fe3c456bbbb0cbf7a148c588c54f382dd5201a86a512953295'},2.4099672743366344e-07,buyer,-29.221485846182063,0x537e15dd8bb7b8fe3c456bbbb0cbf7a148c588c54f382dd5201a86a512953295,0x6D497F4FB220c498B3B8F1a29BBCC8B72EB2Ed6e
132,0x7a0849e4ed5f50828565f484cc1d05a0a91f41addcae7c0adc090e544aea306e-0,2023-04-21 01:05:11,WETH/DED,0.3,0.0,0.0,2394932240.9405346,587.7562138013851,0x52ab0cb8fa16c158ae28184880a9c4c95cc7a924,0xef1c6e67703c7bd7107eed8303fbe6ec2554bf6b,{'id': '0x7a0849e4ed5f50828565f484cc1d05a0a91f41addcae7c0adc090e544aea306e'},2.4541663590889833e-07,buyer,-587.7562138013851,0x7a0849e4ed5f50828565f484cc1d05a0a91f41addcae7c0adc090e544aea306e,0x52Ab0CB8FA16c158Ae28184880a9C4C95CC7A924
133,0x7f6b6f8630d59ab79b92c8ed2f3480bc8487520c9d976acd0d55ad5452ace54c-0,2023-04-21 01:05:11,WETH/DED,1.35,0.0,0.0,11571769123.989326,2704.246893484914,0x98de6469060cacbf342bff4df01e5d4d51eed42e,0xef1c6e67703c7bd7107eed8303fbe6ec2554bf6b,{'id': '0x7f6b6f8630d59ab79b92c8ed2f3480bc8487520c9d976acd0d55ad5452ace54c'},2.336934711114107e-07,buyer,-2704.246893484914,0x7f6b6f8630d59ab79b92c8ed2f3480bc8487520c9d976acd0d55ad5452ace54c,0x98dE6469060cAcBf342bfF4Df01E5D4D51EEd42e
134,0x91e68ae032c8eb31b097b777b8044d01e981e29f3462934acafbcc894c9488cd-0,2023-04-21 01:05:11,WETH/DED,0.02,0.0,0.0,157482225.33637393,38.96567236298486,0x2666f0c8fb58d182f2dd79475dca4a07b3724607,0xef1c6e67703c7bd7107eed8303fbe6ec2554bf6b,{'id': '0x91e68ae032c8eb31b097b777b8044d01e981e29f3462934acafbcc894c9488cd'},2.474290179717501e-07,buyer,-38.96567236298486,0x91e68ae032c8eb31b097b777b8044d01e981e29f3462934acafbcc894c9488cd,0x2666f0C8FB58d182f2Dd79475DCA4A07B3724607
135,0xb24d645b6ae2b58a38d9c5726a682f9952461c32ceaca21fd3129c8834ad608c-0,2023-04-21 01:05:11,WETH/DED,0.013000000000000001,0.0,0.0,102496774.87674034,25.324193577885904,0xb97eedee1ed234eca0a54ccee7e03451c52cdaac,0xef1c6e67703c7bd7107eed8303fbe6ec2554bf6b,{'id': '0xb24d645b6ae2b58a38d9c5726a682f9952461c32ceaca21fd3129c8834ad608c'},2.4707307725867517e-07,buyer,-25.324193577885904,0xb24d645b6ae2b58a38d9c5726a682f9952461c32ceaca21fd3129c8834ad608c,0xB97EEDEe1Ed234ECa0a54CcEe7e03451c52Cdaac
136,0xbbae5afcf5c6fadae2e0231b38bfd56feab5a7123a1144ffbaa7bcdbd7e5ab04-0,2023-04-21 01:05:11,WETH/DED,0.02,0.0,0.0,156001839.2365162,38.96559981148596,0x612d425d1a83b5616a7d7f9ffd0af0c4a9c90324,0xef1c6e67703c7bd7107eed8303fbe6ec2554bf6b,{'id': '0xbbae5afcf5c6fadae2e0231b38bfd56feab5a7123a1144ffbaa7bcdbd7e5ab04'},2.4977654111122215e-07,buyer,-38.96559981148596,0xbbae5afcf5c6fadae2e0231b38bfd56feab5a7123a1144ffbaa7bcdbd7e5ab04,0x612d425d1A83b5616a7D7F9Ffd0AF0C4A9c90324
137,0xe95f5a13773fa6bc39b7c0c97312d4f03ddfc8845a8f0baecbc4526b32c5bd48-0,2023-04-21 01:05:11,WETH/DED,0.1,0.0,0.0,783703661.8681076,195.1354689835182,0xee2dd0d42c3526d3f2ba7c120feedc5fe9c7d236,0xef1c6e67703c7bd7107eed8303fbe6ec2554bf6b,{'id': '0xe95f5a13773fa6bc39b7c0c97312d4f03ddfc8845a8f0baecbc4526b32c5bd48'},2.4899139621011276e-07,buyer,-195.1354689835182,0xe95f5a13773fa6bc39b7c0c97312d4f03ddfc8845a8f0baecbc4526b32c5bd48,0xEe2dd0D42C3526d3f2bA7C120FeEDC5fE9C7d236
138,0x52bcd65a8d9368a6416ce216b0d3b9198002cdf41a4f3ee4ceaa20674d2bf3ce-0,2023-04-21 01:05:23,WETH/DED,0.0,0.11571345052824294,1072322948.5,0.0,225.4530219503833,0x7a250d5630b4cf539739df2c5dacb4c659f2488d,0x7a250d5630b4cf539739df2c5dacb4c659f2488d,{'id': '0x52bcd65a8d9368a6416ce216b0d3b9198002cdf41a4f3ee4ceaa20674d2bf3ce'},2.102473161334039e-07,seller,225.4530219503833,0x52bcd65a8d9368a6416ce216b0d3b9198002cdf41a4f3ee4ceaa20674d2bf3ce,0x052cb121f0E184310096bc4fAFB358Ac4037aDD5
139,0x6570417cb4c30d3422a3effb99cd1731f36e028c8c84d1aeeede06aaef4a90d5-0,2023-04-21 01:05:23,WETH/DED,0.0,1.0300354942040728,8417206834.961933,0.0,1970.9733357309347,0x7a250d5630b4cf539739df2c5dacb4c659f2488d,0x7a250d5630b4cf539739df2c5dacb4c659f2488d,{'id': '0x6570417cb4c30d3422a3effb99cd1731f36e028c8c84d1aeeede06aaef4a90d5'},2.3416002177162234e-07,seller,1970.9733357309347,0x6570417cb4c30d3422a3effb99cd1731f36e028c8c84d1aeeede06aaef4a90d5,0x6F46ABc204AdC0491bBe88C93a6F1d795686a05E
140,0x665a60741053e68d1a484877f6711cb7cbae67bbb2c09d3e3d57849f04b06951-0,2023-04-21 01:05:23,WETH/DED,0.0,0.7221084658898438,6459430969.0,0.0,1389.28220430722,0x7a250d5630b4cf539739df2c5dacb4c659f2488d,0x7a250d5630b4cf539739df2c5dacb4c659f2488d,{'id': '0x665a60741053e68d1a484877f6711cb7cbae67bbb2c09d3e3d57849f04b06951'},2.1507810997201476e-07,seller,1389.28220430722,0x665a60741053e68d1a484877f6711cb7cbae67bbb2c09d3e3d57849f04b06951,0x4A925ed5229ADaf8d4071968439A860821CAA237
141,0x818433ec218713cd295c6a3bee47c47ec7843fcd7dca418b1ddf2622249aa63d-0,2023-04-21 01:05:23,WETH/DED,0.035,0.0,0.0,323522882.5662178,68.20831762143277,0x0bca41b90d757c28707cc928872474622b529233,0xef1c6e67703c7bd7107eed8303fbe6ec2554bf6b,{'id': '0x818433ec218713cd295c6a3bee47c47ec7843fcd7dca418b1ddf2622249aa63d'},2.1082996380471504e-07,buyer,-68.20831762143277,0x818433ec218713cd295c6a3bee47c47ec7843fcd7dca418b1ddf2622249aa63d,0x0bcA41b90d757C28707Cc928872474622b529233
142,0xd4d9a42d4794baed99162c28ea18419c12bd238fe23219f7a9923102cdc93e24-0,2023-04-21 01:05:23,WETH/DED,0.0,0.22657936144221144,1947989309.5,0.0,440.4944329243147,0x7a250d5630b4cf539739df2c5dacb4c659f2488d,0x7a250d5630b4cf539739df2c5dacb4c659f2488d,{'id': '0xd4d9a42d4794baed99162c28ea18419c12bd238fe23219f7a9923102cdc93e24'},2.261277465826435e-07,seller,440.4944329243147,0xd4d9a42d4794baed99162c28ea18419c12bd238fe23219f7a9923102cdc93e24,0x1525D364A4b28438B2b10F84530F427a836D4AeA
143,0xfa0bb5dfc4a947a492fd890c70e97c3e5868735a50d36448fa2099ddf39116a3-0,2023-04-21 01:05:23,WETH/DED,0.02,0.0,0.0,184436230.31911078,38.96366474368298,0xe346fa89781850701af4653e687e10341131c3f7,0xef1c6e67703c7bd7107eed8303fbe6ec2554bf6b,{'id': '0xfa0bb5dfc4a947a492fd890c70e97c3e5868735a50d36448fa2099ddf39116a3'},2.1125819301483346e-07,buyer,-38.96366474368298,0xfa0bb5dfc4a947a492fd890c70e97c3e5868735a50d36448fa2099ddf39116a3,0xE346FA89781850701aF4653E687e10341131C3f7
144,0x517fecb9672809c8786e23226e5b69dd026681fbca51e470b7d8714c33c8fa2e-0,2023-04-21 01:05:35,WETH/DED,1.9086941221562612,0.0,0.0,16264113508.992025,3868.239326450728,0x6b75d8af000000e20b7a7ddf000ba900b4009a80,0x6b75d8af000000e20b7a7ddf000ba900b4009a80,{'id': '0x517fecb9672809c8786e23226e5b69dd026681fbca51e470b7d8714c33c8fa2e'},2.3783892828293867e-07,buyer,-3868.239326450728,0x517fecb9672809c8786e23226e5b69dd026681fbca51e470b7d8714c33c8fa2e,0xae2Fc483527B8EF99EB5D9B44875F005ba1FaE13
145,0x709fb7ad22eeeeed835742dd7e3c5c4031e3e151271de2faf61258bf25c0ed46-0,2023-04-21 01:05:35,WETH/DED,0.0,1.9781594903462587,16264113508.992025,0.0,3715.363084985447,0x6b75d8af000000e20b7a7ddf000ba900b4009a80,0x6b75d8af000000e20b7a7ddf000ba900b4009a80,{'id': '0x709fb7ad22eeeeed835742dd7e3c5c4031e3e151271de2faf61258bf25c0ed46'},2.2843932335637692e-07,seller,3715.363084985447,0x709fb7ad22eeeeed835742dd7e3c5c4031e3e151271de2faf61258bf25c0ed46,0xae2Fc483527B8EF99EB5D9B44875F005ba1FaE13
146,0xad191aa7a115d0c3095bd3df1b655ae813f0e581b03af0dfbd5075079f860aff-0,2023-04-21 01:05:35,WETH/DED,0.15,0.0,0.0,1174837534.2101228,292.96695807612195,0xe729eea65a6fff00c4a562b829b5e5fb92910bcf,0xef1c6e67703c7bd7107eed8303fbe6ec2554bf6b,{'id': '0xad191aa7a115d0c3095bd3df1b655ae813f0e581b03af0dfbd5075079f860aff'},2.493680611533169e-07,buyer,-292.96695807612195,0xad191aa7a115d0c3095bd3df1b655ae813f0e581b03af0dfbd5075079f860aff,0xE729eEa65A6FFf00C4a562B829b5e5fb92910bCf
147,0xafbcc8c78a8ff75172e0a16af050c25c1aea32ebd619863ff35b5ae0f2324767-0,2023-04-21 01:05:35,WETH/DED,0.1,0.0,0.0,757676996.8914708,195.112550988782,0x098d3150722f29ccbbcc5d5a45221dca6e2e7027,0xef1c6e67703c7bd7107eed8303fbe6ec2554bf6b,{'id': '0xafbcc8c78a8ff75172e0a16af050c25c1aea32ebd619863ff35b5ae0f2324767'},2.575141541702761e-07,buyer,-195.112550988782,0xafbcc8c78a8ff75172e0a16af050c25c1aea32ebd619863ff35b5ae0f2324767,0x098d3150722f29CcBbCC5d5a45221Dca6E2e7027
148,0xbd021ded6538d4ece24970193d9a55402b35ff8c71da148c05a3de06bf63002d-0,2023-04-21 01:05:35,WETH/DED,0.3,0.0,0.0,2308712696.6358376,587.6419591902919,0x917aa1fe4ee8154ce8c4eeb8f4768ba615245799,0xef1c6e67703c7bd7107eed8303fbe6ec2554bf6b,{'id': '0xbd021ded6538d4ece24970193d9a55402b35ff8c71da148c05a3de06bf63002d'},2.545323028051866e-07,buyer,-587.6419591902919,0xbd021ded6538d4ece24970193d9a55402b35ff8c71da148c05a3de06bf63002d,0x917Aa1FE4eE8154CE8c4EeB8f4768BA615245799
149,0xbe28ed45da39868db1532b6be68b07298516bb2de30d5fde19b13a1451986bf2-0,2023-04-21 01:05:35,WETH/DED,0.0,2.0421283761926934,19885075961.168316,0.0,3817.460584797633,0xef1c6e67703c7bd7107eed8303fbe6ec2554bf6b,0xef1c6e67703c7bd7107eed8303fbe6ec2554bf6b,{'id': '0xbe28ed45da39868db1532b6be68b07298516bb2de30d5fde19b13a1451986bf2'},1.9197616304068393e-07,seller,3817.460584797633,0xbe28ed45da39868db1532b6be68b07298516bb2de30d5fde19b13a1451986bf2,0xd84A8765D013C89cAf238Db04956E8D978F8cba5
150,0xbf055897253610ded11c38a6d55113b147baa992c8038a6c61dad0f8ca94d170-0,2023-04-21 01:05:35,WETH/DED,0.2,0.0,0.0,2098199513.9257932,391.25080304926456,0x4b83ec46d2f077e4f72d7f8b37cc23ad3d087991,0x7a250d5630b4cf539739df2c5dacb4c659f2488d,{'id': '0xbf055897253610ded11c38a6d55113b147baa992c8038a6c61dad0f8ca94d170'},1.8646978061548722e-07,buyer,-391.25080304926456,0xbf055897253610ded11c38a6d55113b147baa992c8038a6c61dad0f8ca94d170,0x4b83ec46D2F077E4F72D7F8B37CC23Ad3d087991
151,0x32d441efa070dc08a36cd504b3eceabb8e9c1d645ed69b3ae30bda72a71881ea-0,2023-04-21 01:05:47,WETH/DED,0.05,0.0,0.0,561411034.2097471,97.48407868165421,0xbfb3dcc9b1b105abef3ae0c32836c0753a3b635b,0xef1c6e67703c7bd7107eed8303fbe6ec2554bf6b,{'id': '0x32d441efa070dc08a36cd504b3eceabb8e9c1d645ed69b3ae30bda72a71881ea'},1.736411875460814e-07,buyer,-97.48407868165421,0x32d441efa070dc08a36cd504b3eceabb8e9c1d645ed69b3ae30bda72a71881ea,0xBfB3Dcc9B1B105aBeF3ae0C32836c0753A3b635b
152,0x35dad883d3c4f0b1b33bd119a8b619d20ccc0912d6c3bb43898a389da72e3f1d-0,2023-04-21 01:05:47,WETH/DED,0.0,0.1407888295899055,1583522793.7738,0.0,274.0827851900787,0x7a250d5630b4cf539739df2c5dacb4c659f2488d,0x7a250d5630b4cf539739df2c5dacb4c659f2488d,{'id': '0x35dad883d3c4f0b1b33bd119a8b619d20ccc0912d6c3bb43898a389da72e3f1d'},1.7308420584012785e-07,seller,274.0827851900787,0x35dad883d3c4f0b1b33bd119a8b619d20ccc0912d6c3bb43898a389da72e3f1d,0x3917111C1F75E9b1A6Bce239750c3Feca00C55A7
153,0x8d13ea760c40677347bf4e0a3f6de12fb1ad05b50ebbcf71cdb02ee5d7c1b2c2-0,2023-04-21 01:05:47,WETH/DED,0.0,0.17349651394728768,1828902511.5109558,0.0,337.54088951317516,0x7a250d5630b4cf539739df2c5dacb4c659f2488d,0x7a250d5630b4cf539739df2c5dacb4c659f2488d,{'id': '0x8d13ea760c40677347bf4e0a3f6de12fb1ad05b50ebbcf71cdb02ee5d7c1b2c2'},1.8455925747202034e-07,seller,337.54088951317516,0x8d13ea760c40677347bf4e0a3f6de12fb1ad05b50ebbcf71cdb02ee5d7c1b2c2,0x4FF34D243b0c5e473989c54F565B6f05D421826b
154,0xc259b1ad4693a2a7e1c230444fe23428a32087b30383ade2dff465aef9db3f4d-0,2023-04-21 01:05:47,WETH/DED,0.0,0.5421487832029649,5906947126.0,0.0,1045.7627288590488,0x7a250d5630b4cf539739df2c5dacb4c659f2488d,0x7a250d5630b4cf539739df2c5dacb4c659f2488d,{'id': '0xc259b1ad4693a2a7e1c230444fe23428a32087b30383ade2dff465aef9db3f4d'},1.7703945990239576e-07,seller,1045.7627288590488,0xc259b1ad4693a2a7e1c230444fe23428a32087b30383ade2dff465aef9db3f4d,0x9D34151abE8d1594e74F463D350840119aB0689b
155,0x43efb3d3821173b23c3e9e9e4147500f83c4f49017a8920fc8a54c0758b5a8ed-0,2023-04-21 01:05:59,WETH/DED,0.02,0.0,0.0,219676294.6931214,38.96724111573369,0x71cf8ba158e1e0b49ca003acbe5963cd08657848,0xef1c6e67703c7bd7107eed8303fbe6ec2554bf6b,{'id': '0x43efb3d3821173b23c3e9e9e4147500f83c4f49017a8920fc8a54c0758b5a8ed'},1.7738482511355765e-07,buyer,-38.96724111573369,0x43efb3d3821173b23c3e9e9e4147500f83c4f49017a8920fc8a54c0758b5a8ed,0x71cf8BA158E1E0B49CA003ACbE5963Cd08657848
156,0xffc109084fc91df1253eeb66e6d8388e0552c062aa407e2c46d7d1056cebae13-0,2023-04-21 01:05:59,WETH/DED,0.2,0.0,0.0,2219515378.0378795,391.30976203034874,0x420eb87916504753d1e5aa099f3f24a914f9cf26,0x7a250d5630b4cf539739df2c5dacb4c659f2488d,{'id': '0xffc109084fc91df1253eeb66e6d8388e0552c062aa407e2c46d7d1056cebae13'},1.7630414544650676e-07,buyer,-391.30976203034874,0xffc109084fc91df1253eeb66e6d8388e0552c062aa407e2c46d7d1056cebae13,0x420eb87916504753D1E5AA099f3f24A914F9Cf26
157,0x106a4cf6e7560e9821e768b9a1fe524fb53573bb0a647640f7d11ba32909cc9f-0,2023-04-21 01:06:11,WETH/DED,0.006999999999999999,0.0,0.0,76718641.16670308,13.63440370777001,0xe15fa7f4578d9395035ef740db5a5cda6e72b5e6,0xef1c6e67703c7bd7107eed8303fbe6ec2554bf6b,{'id': '0x106a4cf6e7560e9821e768b9a1fe524fb53573bb0a647640f7d11ba32909cc9f'},1.7771956724498824e-07,buyer,-13.63440370777001,0x106a4cf6e7560e9821e768b9a1fe524fb53573bb0a647640f7d11ba32909cc9f,0xe15FA7F4578D9395035ef740db5A5cDa6e72b5e6
158,0x2920bea9a215fed3a58a56ae1f435468a29a2b3a2853b4dfd63aa1fc0ec0bec3-0,2023-04-21 01:06:11,WETH/DED,0.07,0.0,0.0,764451668.5099341,136.54371387162772,0x3194770e03ec3b0ebeaa7eb93b01290a85acc905,0xef1c6e67703c7bd7107eed8303fbe6ec2554bf6b,{'id': '0x2920bea9a215fed3a58a56ae1f435468a29a2b3a2853b4dfd63aa1fc0ec0bec3'},1.7861654241369915e-07,buyer,-136.54371387162772,0x2920bea9a215fed3a58a56ae1f435468a29a2b3a2853b4dfd63aa1fc0ec0bec3,0x3194770E03Ec3b0EBEaA7eb93b01290A85AcC905
159,0x76d25bbcf7a9825aee001860cbb07aac81fc30e688595ca7f98c5ea8614bb848-0,2023-04-21 01:06:11,WETH/DED,0.01,0.0,0.0,109684790.77434991,19.479080531376027,0x34c04f411d48fe2fc6f2358733b7f62ce3837caa,0x7a250d5630b4cf539739df2c5dacb4c659f2488d,{'id': '0x76d25bbcf7a9825aee001860cbb07aac81fc30e688595ca7f98c5ea8614bb848'},1.7759144539418917e-07,buyer,-19.479080531376027,0x76d25bbcf7a9825aee001860cbb07aac81fc30e688595ca7f98c5ea8614bb848,0x34C04F411D48fe2fc6F2358733B7F62Ce3837caa
160,0x33b58e771e32828d1c259c31422ebcc4188ea96a09a0bf8bec51d96c77d10bf1-0,2023-04-21 01:06:23,WETH/DED,0.1,0.0,0.0,939662985.0839137,195.1656802305049,0xf4a77526323f58fa3d215385281ea4ca4a93ed22,0xef1c6e67703c7bd7107eed8303fbe6ec2554bf6b,{'id': '0x33b58e771e32828d1c259c31422ebcc4188ea96a09a0bf8bec51d96c77d10bf1'},2.0769752914453285e-07,buyer,-195.1656802305049,0x33b58e771e32828d1c259c31422ebcc4188ea96a09a0bf8bec51d96c77d10bf1,0xF4a77526323F58fA3d215385281EA4ca4a93eD22
161,0x43a1b66e5b1749f32b8f7d1dab990e67e6532003165523751badf4a2e0088a5c-0,2023-04-21 01:06:23,WETH/DED,1.3720779446665872,0.0,0.0,14043629579.799213,2757.026618070123,0x6b75d8af000000e20b7a7ddf000ba900b4009a80,0x6b75d8af000000e20b7a7ddf000ba900b4009a80,{'id': '0x43a1b66e5b1749f32b8f7d1dab990e67e6532003165523751badf4a2e0088a5c'},1.9631866551335946e-07,buyer,-2757.026618070123,0x43a1b66e5b1749f32b8f7d1dab990e67e6532003165523751badf4a2e0088a5c,0xae2Fc483527B8EF99EB5D9B44875F005ba1FaE13
162,0x8e6680f0c666dcccb6513882b0924c8d32965f50d9d7444355c80d5d98b2534d-0,2023-04-21 01:06:23,WETH/DED,0.0,1.4019925739354238,14043629579.799213,0.0,2655.5668208897255,0x6b75d8af000000e20b7a7ddf000ba900b4009a80,0x6b75d8af000000e20b7a7ddf000ba900b4009a80,{'id': '0x8e6680f0c666dcccb6513882b0924c8d32965f50d9d7444355c80d5d98b2534d'},1.8909405191871296e-07,seller,2655.5668208897255,0x8e6680f0c666dcccb6513882b0924c8d32965f50d9d7444355c80d5d98b2534d,0xae2Fc483527B8EF99EB5D9B44875F005ba1FaE13
163,0xda608d18bec070d95d865282d49e5c442883563e55e9297c9e0a407049b2fb09-0,2023-04-21 01:06:23,WETH/DED,0.1242201,0.0,0.0,1188873324.201582,242.56776714591197,0x0bb357439535ad99522e9551dcc7e30a991ab3d9,0xef1c6e67703c7bd7107eed8303fbe6ec2554bf6b,{'id': '0xda608d18bec070d95d865282d49e5c442883563e55e9297c9e0a407049b2fb09'},2.0403163415985847e-07,buyer,-242.56776714591197,0xda608d18bec070d95d865282d49e5c442883563e55e9297c9e0a407049b2fb09,0x0Bb357439535aD99522e9551Dcc7E30A991aB3D9
164,0xe41b2a44fcfd21d837390f488ace7c574030b7f3c8a37f17b5ddd6d2012e97e8-0,2023-04-21 01:06:23,WETH/DED,0.1,0.0,0.0,947808021.3940644,195.16750408082055,0x33d3d765d959fcc6c39353fd2b2c6b3cf6bb750f,0xef1c6e67703c7bd7107eed8303fbe6ec2554bf6b,{'id': '0xe41b2a44fcfd21d837390f488ace7c574030b7f3c8a37f17b5ddd6d2012e97e8'},2.059145941746329e-07,buyer,-195.16750408082055,0xe41b2a44fcfd21d837390f488ace7c574030b7f3c8a37f17b5ddd6d2012e97e8,0x33d3d765d959FcC6c39353fd2B2C6b3CF6bb750F
165,0x0a9a22260ac878f0d6811242ebd142f5c10391e749c130925b1fd135157e49f5-0,2023-04-21 01:06:35,WETH/DED,0.0796,0.0,0.0,832611537.2274102,155.29808050192406,0xbe6fee3756f7be3a0cd492059341cb5b77dd81f9,0xdef1c0ded9bec7f1a1670819833240f027b25eff,{'id': '0x0a9a22260ac878f0d6811242ebd142f5c10391e749c130925b1fd135157e49f5'},1.865192512453832e-07,buyer,-155.29808050192406,0x0a9a22260ac878f0d6811242ebd142f5c10391e749c130925b1fd135157e49f5,0x05aD03fa5846A95AA2AE527ffa8AE3dcEc3a3BEe
166,0x3b4a5c37e33652199073dded5c1b415168f46fb91bbf8d891fd09e56686d7a34-0,2023-04-21 01:06:35,WETH/DED,0.1,0.0,0.0,1054581119.1765971,195.19048369030452,0x8762513ceb1994227325a919c0292db13446495d,0x7a250d5630b4cf539739df2c5dacb4c659f2488d,{'id': '0x3b4a5c37e33652199073dded5c1b415168f46fb91bbf8d891fd09e56686d7a34'},1.8508816452422992e-07,buyer,-195.19048369030452,0x3b4a5c37e33652199073dded5c1b415168f46fb91bbf8d891fd09e56686d7a34,0x8762513Ceb1994227325a919C0292Db13446495d
167,0x3d20ae75589c579891e8a1dfca31f884bd65104042a85405627fb30ff0caa8b6-1,2023-04-21 01:06:35,WETH/DED,0.0,2.8054834052302113,26603258001.11384,0.0,5166.2650467589665,0x6b75d8af000000e20b7a7ddf000ba900b4009a80,0x6b75d8af000000e20b7a7ddf000ba900b4009a80,{'id': '0x3d20ae75589c579891e8a1dfca31f884bd65104042a85405627fb30ff0caa8b6'},1.9419670502547705e-07,seller,5166.2650467589665,0x3d20ae75589c579891e8a1dfca31f884bd65104042a85405627fb30ff0caa8b6,0xae2Fc483527B8EF99EB5D9B44875F005ba1FaE13
168,0x9be66ef6e3071796591b358132c5f6e705cfcb476a180377653a9140fa5f3c25-1,2023-04-21 01:06:35,WETH/DED,2.7905254514774507,0.0,0.0,26603258001.11384,5783.72319790176,0x6b75d8af000000e20b7a7ddf000ba900b4009a80,0x6b75d8af000000e20b7a7ddf000ba900b4009a80,{'id': '0x9be66ef6e3071796591b358132c5f6e705cfcb476a180377653a9140fa5f3c25'},2.174065747007229e-07,buyer,-5783.72319790176,0x9be66ef6e3071796591b358132c5f6e705cfcb476a180377653a9140fa5f3c25,0xae2Fc483527B8EF99EB5D9B44875F005ba1FaE13
169,0xa8edc1304b0966a4caf43909e0c37bb6700d802f7564284aa04f7ce6c16878a5-0,2023-04-21 01:06:35,WETH/DED,0.025,0.0,0.0,208987889.29486436,48.71109493323757,0x96e1991ebd4b08975cbdca89d09fe7b677af407b,0x1111111254eeb25477b68fb85ed929f73a960582,{'id': '0xa8edc1304b0966a4caf43909e0c37bb6700d802f7564284aa04f7ce6c16878a5'},2.3308094597055958e-07,buyer,-48.71109493323757,0xa8edc1304b0966a4caf43909e0c37bb6700d802f7564284aa04f7ce6c16878a5,0x96E1991eBD4b08975cBDca89d09FE7b677Af407B
170,0xbac08fdc83967fbbc80e7e06a70cdba1e18964a5a40cdff3d1e3906132c4f7c1-0,2023-04-21 01:06:35,WETH/DED,0.05,0.0,0.0,530911626.27855223,97.48424849504386,0xbe13cdaa0b54e0b0c08fcd91f89e786b6ca6e018,0x7a250d5630b4cf539739df2c5dacb4c659f2488d,{'id': '0xbac08fdc83967fbbc80e7e06a70cdba1e18964a5a40cdff3d1e3906132c4f7c1'},1.8361671447725467e-07,buyer,-97.48424849504386,0xbac08fdc83967fbbc80e7e06a70cdba1e18964a5a40cdff3d1e3906132c4f7c1,0xBE13cdAA0B54E0b0C08FCD91f89e786B6Ca6E018
171,0xbeb6321d9f67e36fe2fc33cb4a5ea0c33c726c9c6ee1f017cfa896e0004fd830-0,2023-04-21 01:06:35,WETH/DED,0.013999999999999999,0.0,0.0,118177142.76383549,27.272157657232544,0x0e0c37a7822ab6faaa7238a1bcd445ea2d924c5e,0xef1c6e67703c7bd7107eed8303fbe6ec2554bf6b,{'id': '0xbeb6321d9f67e36fe2fc33cb4a5ea0c33c726c9c6ee1f017cfa896e0004fd830'},2.3077354063072132e-07,buyer,-27.272157657232544,0xbeb6321d9f67e36fe2fc33cb4a5ea0c33c726c9c6ee1f017cfa896e0004fd830,0x0E0C37a7822aB6fAaa7238a1bcD445Ea2D924c5e
172,0xd6e2d4932630d98bdf4d4fa0fd1a3893997c101fb148e9d96c39f19ca002b92f-0,2023-04-21 01:06:35,WETH/DED,0.1,0.0,0.0,840217640.9281497,195.14266598772966,0xfd3c7131dea953cd6ad2bbda474ee4ca34836bfa,0xef1c6e67703c7bd7107eed8303fbe6ec2554bf6b,{'id': '0xd6e2d4932630d98bdf4d4fa0fd1a3893997c101fb148e9d96c39f19ca002b92f'},2.3225252182537439e-07,buyer,-195.14266598772966,0xd6e2d4932630d98bdf4d4fa0fd1a3893997c101fb148e9d96c39f19ca002b92f,0xFD3C7131DEA953cd6Ad2bBDA474Ee4cA34836BFa
173,0xd8276a34268794ca3c00b61c7835e65ee540a5e9be614c27556065b87a7c43e2-0,2023-04-21 01:06:35,WETH/DED,0.0,0.16177168855276094,1737677073.5799289,0.0,314.81530873994797,0xef1c6e67703c7bd7107eed8303fbe6ec2554bf6b,0xef1c6e67703c7bd7107eed8303fbe6ec2554bf6b,{'id': '0xd8276a34268794ca3c00b61c7835e65ee540a5e9be614c27556065b87a7c43e2'},1.8117020332861474e-07,seller,314.81530873994797,0xd8276a34268794ca3c00b61c7835e65ee540a5e9be614c27556065b87a7c43e2,0x7067B02F34714Af1b7dedaE3305Af598A4b7e41D
174,0x07d5dbe0657b962dc7f48cce03be92dfe073d0d4b4d988255778dbecb9a0fed1-0,2023-04-21 01:06:47,WETH/DED,0.1,0.0,0.0,1037518941.3811888,195.18685562619498,0xbe25b22d6aee9f79ef4db89c6b26c0e464aba153,0x7a250d5630b4cf539739df2c5dacb4c659f2488d,{'id': '0x07d5dbe0657b962dc7f48cce03be92dfe073d0d4b4d988255778dbecb9a0fed1'},1.881284744222154e-07,buyer,-195.18685562619498,0x07d5dbe0657b962dc7f48cce03be92dfe073d0d4b4d988255778dbecb9a0fed1,0xbe25b22D6aEE9f79ef4db89c6b26c0E464aBa153
175,0x717c08437b1ae921efa61892cb6e98d1b00017b359bd4215f7d4f32a5c712c90-0,2023-04-21 01:06:47,WETH/DED,0.015,0.0,0.0,154082311.71313208,29.221685678511054,0xff9a887992345bb93eca0d85d5d7d353a24ba238,0xef1c6e67703c7bd7107eed8303fbe6ec2554bf6b,{'id': '0x717c08437b1ae921efa61892cb6e98d1b00017b359bd4215f7d4f32a5c712c90'},1.8964983945019923e-07,buyer,-29.221685678511054,0x717c08437b1ae921efa61892cb6e98d1b00017b359bd4215f7d4f32a5c712c90,0xFF9A887992345bB93Eca0D85D5d7D353A24BA238
176,0x7c1c126a18e8d5afa7dcac427a6269f233b927407ac49150ea8784b0b8e64ddd-0,2023-04-21 01:06:47,WETH/DED,0.013000000000000001,0.0,0.0,133706397.78398728,25.32432562908487,0xc20762c910e28776edc4c8c0a78f48e40c4f7c7b,0xef1c6e67703c7bd7107eed8303fbe6ec2554bf6b,{'id': '0x7c1c126a18e8d5afa7dcac427a6269f233b927407ac49150ea8784b0b8e64ddd'},1.894024971789175e-07,buyer,-25.32432562908487,0x7c1c126a18e8d5afa7dcac427a6269f233b927407ac49150ea8784b0b8e64ddd,0xC20762c910e28776EDC4c8c0A78F48e40c4f7C7b
177,0xec8912796ea9b7567dedd897b471a98568faf4a0c70ae8c80ab2089acccf87e6-0,2023-04-21 01:06:47,WETH/DED,0.05,0.0,0.0,512110497.96273595,97.48225116225106,0xbde368f360dcf876d93bfa567015fe7ddae62ea3,0x68b3465833fb72a70ecdf485e0e4c7bd8665fc45,{'id': '0xec8912796ea9b7567dedd897b471a98568faf4a0c70ae8c80ab2089acccf87e6'},1.9035394031181218e-07,buyer,-97.48225116225106,0xec8912796ea9b7567dedd897b471a98568faf4a0c70ae8c80ab2089acccf87e6,0xBde368F360dCF876d93bFa567015FE7dDAe62EA3
178,0xfc81944a43f9f58c2ca0c1a57867792c6fda9c3d30525185de86c914f1c7b4bd-0,2023-04-21 01:06:47,WETH/DED,0.04,0.0,0.0,412388929.2440499,77.96849527796488,0xb739636ca7f1f88376c4354d6599f3fbfc71d3b2,0x68b3465833fb72a70ecdf485e0e4c7bd8665fc45,{'id': '0xfc81944a43f9f58c2ca0c1a57867792c6fda9c3d30525185de86c914f1c7b4bd'},1.8906544222922985e-07,buyer,-77.96849527796488,0xfc81944a43f9f58c2ca0c1a57867792c6fda9c3d30525185de86c914f1c7b4bd,0xB739636cA7f1F88376c4354d6599F3FBFC71d3b2
179,0x149f7152563a519a7b672d0fac85527d60d526a743b06a378708cf491f7b31b3-0,2023-04-21 01:06:59,WETH/DED,0.1,0.0,0.0,973284901.5414286,195.17292379872737,0x3e0061bcd8d4413c06a73920ef8c2f140f6ceb95,0xef1c6e67703c7bd7107eed8303fbe6ec2554bf6b,{'id': '0x149f7152563a519a7b672d0fac85527d60d526a743b06a378708cf491f7b31b3'},2.005301053058817e-07,buyer,-195.17292379872737,0x149f7152563a519a7b672d0fac85527d60d526a743b06a378708cf491f7b31b3,0x3e0061BCD8D4413C06A73920EF8c2f140f6cEB95
180,0x9407f067f5073e8f99dea05abbbfba166f1fcfd14f3f7b6fdf220feb0ed2e51e-0,2023-04-21 01:06:59,WETH/DED,0.5,0.0,0.0,4997608748.33154,984.6534717100652,0x2581cc6ed9908c97fd9228340534bb6c2984b5e1,0x7a250d5630b4cf539739df2c5dacb4c659f2488d,{'id': '0x9407f067f5073e8f99dea05abbbfba166f1fcfd14f3f7b6fdf220feb0ed2e51e'},1.9702492157650265e-07,buyer,-984.6534717100652,0x9407f067f5073e8f99dea05abbbfba166f1fcfd14f3f7b6fdf220feb0ed2e51e,0x2581cc6Ed9908C97FD9228340534BB6C2984B5E1
181,0x00f8d6baaee5a8945dbbffe6a350eda834b9bd93b569831781b65d3dd5e45817-0,2023-04-21 01:07:11,WETH/DED,0.0,0.7515189075250202,7575486151.465738,0.0,1443.7028238351322,0x7a250d5630b4cf539739df2c5dacb4c659f2488d,0x7a250d5630b4cf539739df2c5dacb4c659f2488d,{'id': '0x00f8d6baaee5a8945dbbffe6a350eda834b9bd93b569831781b65d3dd5e45817'},1.9057560069010202e-07,seller,1443.7028238351322,0x00f8d6baaee5a8945dbbffe6a350eda834b9bd93b569831781b65d3dd5e45817,0x6F46ABc204AdC0491bBe88C93a6F1d795686a05E
182,0x173c661d28cf6e6ebf53701e3c7665669fca4abb896f9fcc8e3c135d1e086e8b-0,2023-04-21 01:07:11,WETH/DED,0.1,0.0,0.0,1026323356.1662619,195.18441515159645,0xd2f6d64c36f0c354708663b3ad1cf0a1093ee9a1,0xef1c6e67703c7bd7107eed8303fbe6ec2554bf6b,{'id': '0x173c661d28cf6e6ebf53701e3c7665669fca4abb896f9fcc8e3c135d1e086e8b'},1.9017828443531693e-07,buyer,-195.18441515159645,0x173c661d28cf6e6ebf53701e3c7665669fca4abb896f9fcc8e3c135d1e086e8b,0xd2f6D64c36F0C354708663B3AD1Cf0a1093EE9A1
183,0x720e262a3180225adae2e0589c9cbba3f251a0baa4872e6b136706f5e0a57089-0,2023-04-21 01:07:11,WETH/DED,0.01,0.0,0.0,102125328.51502505,19.47891849045006,0x79654a5cfa1cd043d3953c538cfde7ba09fa2530,0xef1c6e67703c7bd7107eed8303fbe6ec2554bf6b,{'id': '0x720e262a3180225adae2e0589c9cbba3f251a0baa4872e6b136706f5e0a57089'},1.9073543041366325e-07,buyer,-19.47891849045006,0x720e262a3180225adae2e0589c9cbba3f251a0baa4872e6b136706f5e0a57089,0x79654A5CfA1cd043d3953c538cfde7Ba09fA2530
184,0x7e5a2a0bf1a739ca0bc7b0779b269d914f63bd035aed6a29b654f651eb2403dd-0,2023-04-21 01:07:11,WETH/DED,0.006,0.0,0.0,61873324.96658396,11.686309936750495,0x86f652e2e91c96e88f5a1619888e0733db1e445c,0xef1c6e67703c7bd7107eed8303fbe6ec2554bf6b,{'id': '0x7e5a2a0bf1a739ca0bc7b0779b269d914f63bd035aed6a29b654f651eb2403dd'},1.8887476861897987e-07,buyer,-11.686309936750495,0x7e5a2a0bf1a739ca0bc7b0779b269d914f63bd035aed6a29b654f651eb2403dd,0x86f652e2e91C96e88f5a1619888e0733DB1e445c
185,0xf0f9b60c94e02c19f2d5b9e81d0c200dc7b2384bcc13c737a66bdd5160345dd6-0,2023-04-21 01:07:11,WETH/DED,0.05,0.0,0.0,516917441.774128,97.48275430584359,0xc6b008af55a0e0eefecd449f9131d7b31423f161,0x7a250d5630b4cf539739df2c5dacb4c659f2488d,{'id': '0xf0f9b60c94e02c19f2d5b9e81d0c200dc7b2384bcc13c737a66bdd5160345dd6'},1.8858476504733536e-07,buyer,-97.48275430584359,0xf0f9b60c94e02c19f2d5b9e81d0c200dc7b2384bcc13c737a66bdd5160345dd6,0xC6B008aF55A0e0eefeCD449F9131D7B31423f161
186,0xf2bb0fcefbb7ede8e453f515b60d9c1aa8b69e523d61bb8385efc0fafc06581d-0,2023-04-21 01:07:11,WETH/DED,0.02,0.0,0.0,203976195.52603322,38.966568188078334,0x8351a23658ec628673adb47979a4bed74693e16d,0xef1c6e67703c7bd7107eed8303fbe6ec2554bf6b,{'id': '0xf2bb0fcefbb7ede8e453f515b60d9c1aa8b69e523d61bb8385efc0fafc06581d'},1.910348807496269e-07,buyer,-38.966568188078334,0xf2bb0fcefbb7ede8e453f515b60d9c1aa8b69e523d61bb8385efc0fafc06581d,0x8351A23658EC628673adB47979A4BED74693E16d
187,0x12131cf84c09400b07a2145141a6e0c6bf851a0bbf4d7b64d4fb518c65e4f894-0,2023-04-21 01:07:23,WETH/DED,0.05,0.0,0.0,486901476.1324158,97.47736367188331,0xfdccf23b322606053d8461c898c0e810d51f704d,0xef1c6e67703c7bd7107eed8303fbe6ec2554bf6b,{'id': '0x12131cf84c09400b07a2145141a6e0c6bf851a0bbf4d7b64d4fb518c65e4f894'},2.0019935952170693e-07,buyer,-97.47736367188331,0x12131cf84c09400b07a2145141a6e0c6bf851a0bbf4d7b64d4fb518c65e4f894,0xfdcCF23B322606053D8461C898c0E810D51F704d
188,0x150750fa4a8d6b2e5bfb1be75bb9195942a46b11939780697f9b085ec5d4d9ea-0,2023-04-21 01:07:23,WETH/DED,0.1,0.0,0.0,947268143.1992695,195.16710930166676,0x07771edc556732b5f66420e6ae72812402e4cb6a,0xef1c6e67703c7bd7107eed8303fbe6ec2554bf6b,{'id': '0x150750fa4a8d6b2e5bfb1be75bb9195942a46b11939780697f9b085ec5d4d9ea'},2.0603153468511707e-07,buyer,-195.16710930166676,0x150750fa4a8d6b2e5bfb1be75bb9195942a46b11939780697f9b085ec5d4d9ea,0x07771EDC556732B5F66420E6ae72812402E4Cb6a
189,0x171003707ff806c59d542d1c2c395722a674be694470af6d92b046870eaa0856-0,2023-04-21 01:07:23,WETH/DED,0.0,0.5908253963703394,5752879842.823536,0.0,1139.2823401282672,0x000000000005af2ddc1a93a03e9b7014064d3b8d,0x000000000005af2ddc1a93a03e9b7014064d3b8d,{'id': '0x171003707ff806c59d542d1c2c395722a674be694470af6d92b046870eaa0856'},1.9803687392314852e-07,seller,1139.2823401282672,0x171003707ff806c59d542d1c2c395722a674be694470af6d92b046870eaa0856,0x758E8229Dd38cF11fA9E7c0D5f790b4CA16b3B16
190,0x1adb363cc168a35263964ccd289fe42631d6b6d030ee25236fb2f1cbddd85620-0,2023-04-21 01:07:23,WETH/DED,0.2,0.0,0.0,1969166480.2040372,391.20557670309046,0x34f3394c28a2a14f957744ac70f95fa8aa68aeca,0xef1c6e67703c7bd7107eed8303fbe6ec2554bf6b,{'id': '0x1adb363cc168a35263964ccd289fe42631d6b6d030ee25236fb2f1cbddd85620'},1.9866556770890964e-07,buyer,-391.20557670309046,0x1adb363cc168a35263964ccd289fe42631d6b6d030ee25236fb2f1cbddd85620,0x34F3394c28a2A14F957744ac70f95Fa8Aa68aECa
191,0x84f2b07dad894eefd3f701bc51fa5c28261419ff1bad2a7692e89ca8040fc85b-0,2023-04-21 01:07:23,WETH/DED,0.5792131274938583,0.0,0.0,5752879842.823536,1142.6309430945435,0x000000000005af2ddc1a93a03e9b7014064d3b8d,0x000000000005af2ddc1a93a03e9b7014064d3b8d,{'id': '0x84f2b07dad894eefd3f701bc51fa5c28261419ff1bad2a7692e89ca8040fc85b'},1.9861894812907055e-07,buyer,-1142.6309430945435,0x84f2b07dad894eefd3f701bc51fa5c28261419ff1bad2a7692e89ca8040fc85b,0x758E8229Dd38cF11fA9E7c0D5f790b4CA16b3B16
192,0xe9a85a18d11170652f7fec87a51d83faebdcd02277ec8ad89d7e2e1acec14fb8-0,2023-04-21 01:07:23,WETH/DED,0.2,0.0,0.0,1919373855.7845602,391.1922126808833,0x917aa1fe4ee8154ce8c4eeb8f4768ba615245799,0xef1c6e67703c7bd7107eed8303fbe6ec2554bf6b,{'id': '0xe9a85a18d11170652f7fec87a51d83faebdcd02277ec8ad89d7e2e1acec14fb8'},2.0381241075151572e-07,buyer,-391.1922126808833,0xe9a85a18d11170652f7fec87a51d83faebdcd02277ec8ad89d7e2e1acec14fb8,0x917Aa1FE4eE8154CE8c4EeB8f4768BA615245799
193,0x1b293e9eb6eec893196547b566064405f004be255ebb98567db332284dcc255d-0,2023-04-21 01:07:35,WETH/DED,0.2,0.0,0.0,1477909642.8338215,390.97386746245553,0xeeee03931b2e77e9586fd3cff9ede97aef8a56c5,0xef1c6e67703c7bd7107eed8303fbe6ec2554bf6b,{'id': '0x1b293e9eb6eec893196547b566064405f004be255ebb98567db332284dcc255d'},2.6454517660009425e-07,buyer,-390.97386746245553,0x1b293e9eb6eec893196547b566064405f004be255ebb98567db332284dcc255d,0xEeee03931B2E77e9586FD3cfF9EDe97AEf8a56C5
194,0x448572751d6e9644ee0e678ad7bc58858a5b870b35fe146e40068d48dd6ff81e-0,2023-04-21 01:07:35,WETH/DED,0.0,0.4699465915233775,4690444023.315209,0.0,908.439442001188,0x6b75d8af000000e20b7a7ddf000ba900b4009a80,0x6b75d8af000000e20b7a7ddf000ba900b4009a80,{'id': '0x448572751d6e9644ee0e678ad7bc58858a5b870b35fe146e40068d48dd6ff81e'},1.9367877273143584e-07,seller,908.439442001188,0x448572751d6e9644ee0e678ad7bc58858a5b870b35fe146e40068d48dd6ff81e,0xae2Fc483527B8EF99EB5D9B44875F005ba1FaE13
195,0x77d6003f573777c9642f2b5a807b5a86d435de45fc5ed54f0f5408dd2cc444e9-0,2023-04-21 01:07:35,WETH/DED,0.0,3.906471421087847,33713510678.737072,0.0,7061.96434888245,0x6b75d8af000000e20b7a7ddf000ba900b4009a80,0x6b75d8af000000e20b7a7ddf000ba900b4009a80,{'id': '0x77d6003f573777c9642f2b5a807b5a86d435de45fc5ed54f0f5408dd2cc444e9'},2.0946985961139884e-07,seller,7061.96434888245,0x77d6003f573777c9642f2b5a807b5a86d435de45fc5ed54f0f5408dd2cc444e9,0xae2Fc483527B8EF99EB5D9B44875F005ba1FaE13
196,0xa2def42b5f6da1dd13aebd2df40d312b572591ab4b063b8f362e379a7c9f1d84-0,2023-04-21 01:07:35,WETH/DED,4.30686348353156,0.0,0.0,38413833339.33212,9215.675071010308,0x6b75d8af000000e20b7a7ddf000ba900b4009a80,0x6b75d8af000000e20b7a7ddf000ba900b4009a80,{'id': '0xa2def42b5f6da1dd13aebd2df40d312b572591ab4b063b8f362e379a7c9f1d84'},2.3990511411872897e-07,buyer,-9215.675071010308,0xa2def42b5f6da1dd13aebd2df40d312b572591ab4b063b8f362e379a7c9f1d84,0xae2Fc483527B8EF99EB5D9B44875F005ba1FaE13
197,0xbeec10c35e01f86d98c382aa8b063816dc28cf15e615886c1acd667bc218d970-0,2023-04-21 01:07:35,WETH/DED,0.0,0.5804731457034804,6073522240.3312435,0.0,1119.032528288533,0x7a250d5630b4cf539739df2c5dacb4c659f2488d,0x7a250d5630b4cf539739df2c5dacb4c659f2488d,{'id': '0xbeec10c35e01f86d98c382aa8b063816dc28cf15e615886c1acd667bc218d970'},1.842477040517929e-07,seller,1119.032528288533,0xbeec10c35e01f86d98c382aa8b063816dc28cf15e615886c1acd667bc218d970,0xc26239d7787Ff8042B1e878608c1ef31ab3c7b79
198,0xcec2091769afc17ce055dc5e002175aa952aaa6ccd7c6ff272ce12c20b950d66-0,2023-04-21 01:07:35,WETH/DED,0.05,0.0,0.0,365970801.56956154,97.46311830959272,0x334cb53137817eb3b1b36b8c25b68b35cf7a4f4e,0x7a250d5630b4cf539739df2c5dacb4c659f2488d,{'id': '0xcec2091769afc17ce055dc5e002175aa952aaa6ccd7c6ff272ce12c20b950d66'},2.6631391873776986e-07,buyer,-97.46311830959272,0xcec2091769afc17ce055dc5e002175aa952aaa6ccd7c6ff272ce12c20b950d66,0x334cB53137817eb3b1B36b8C25B68B35cf7A4f4E
199,0xfd5cf2074473948ff050f175cb3804bb0453bb4cdc9dba337cb1644c966a17a5-0,2023-04-21 01:07:35,WETH/DED,0.05,0.0,0.0,502768161.8322534,97.47903031347876,0x90539f8464b61eaf95b7a46dd9182a8e5b52d911,0x7a250d5630b4cf539739df2c5dacb4c659f2488d,{'id': '0xfd5cf2074473948ff050f175cb3804bb0453bb4cdc9dba337cb1644c966a17a5'},1.938846524374832e-07,buyer,-97.47903031347876,0xfd5cf2074473948ff050f175cb3804bb0453bb4cdc9dba337cb1644c966a17a5,0x90539f8464B61eAf95B7A46Dd9182A8E5b52D911
200,0x118d1cb532ddfeb943a81044f8d7fcfee359e3db042868a899514e5c0b918b51-2,2023-04-21 01:07:47,WETH/DED,0.0,0.4586361370831749,4700322660.59505,0.0,886.6821343054952,0x6b75d8af000000e20b7a7ddf000ba900b4009a80,0x6b75d8af000000e20b7a7ddf000ba900b4009a80,{'id': '0x118d1cb532ddfeb943a81044f8d7fcfee359e3db042868a899514e5c0b918b51'},1.886428227021426e-07,seller,886.6821343054952,0x118d1cb532ddfeb943a81044f8d7fcfee359e3db042868a899514e5c0b918b51,0xae2Fc483527B8EF99EB5D9B44875F005ba1FaE13
201,0x2d73ce4771271818f5706d43cdae13ee2e02f0e34cf774487f7c9dd1584dbf47-0,2023-04-21 01:07:47,WETH/DED,0.01,0.0,0.0,100285377.17163353,19.478449928125208,0x715e1e5dd650fe95c3cddb0a7055c4c9a31e8235,0xef1c6e67703c7bd7107eed8303fbe6ec2554bf6b,{'id': '0x2d73ce4771271818f5706d43cdae13ee2e02f0e34cf774487f7c9dd1584dbf47'},1.9423021059978457e-07,buyer,-19.478449928125208,0x2d73ce4771271818f5706d43cdae13ee2e02f0e34cf774487f7c9dd1584dbf47,0x715e1E5DD650FE95C3cddB0a7055C4C9a31E8235
202,0x32588fc58aef95bc01915945048e0e6996fea1b7793be63bb9f9c09ca6a4eb3e-0,2023-04-21 01:07:47,WETH/DED,0.0,0.6236631882585347,6817937536.319165,0.0,1200.766827382364,0x7a250d5630b4cf539739df2c5dacb4c659f2488d,0x7a250d5630b4cf539739df2c5dacb4c659f2488d,{'id': '0x32588fc58aef95bc01915945048e0e6996fea1b7793be63bb9f9c09ca6a4eb3e'},1.76118778000807e-07,seller,1200.766827382364,0x32588fc58aef95bc01915945048e0e6996fea1b7793be63bb9f9c09ca6a4eb3e,0x6F46ABc204AdC0491bBe88C93a6F1d795686a05E
203,0x5803530381517d913b15723064427defe87252084e88dce37083e49fc47145b9-2,2023-04-21 01:07:47,WETH/DED,0.4373232165752668,0.0,0.0,4710965417.354658,860.3094584484395,0x6b75d8af000000e20b7a7ddf000ba900b4009a80,0x6b75d8af000000e20b7a7ddf000ba900b4009a80,{'id': '0x5803530381517d913b15723064427defe87252084e88dce37083e49fc47145b9'},1.8261850432591965e-07,buyer,-860.3094584484395,0x5803530381517d913b15723064427defe87252084e88dce37083e49fc47145b9,0xae2Fc483527B8EF99EB5D9B44875F005ba1FaE13
204,0xb3e55b4d5a03fc81b1183b97bf4a9825384b8bf4d0a061986a684b7c17f8acbd-0,2023-04-21 01:07:47,WETH/DED,0.364,0.0,0.0,4003429845.127644,714.9107048525341,0xd77a8cde26afb5b711f0e25c23a48562d5259bf3,0xef1c6e67703c7bd7107eed8303fbe6ec2554bf6b,{'id': '0xb3e55b4d5a03fc81b1183b97bf4a9825384b8bf4d0a061986a684b7c17f8acbd'},1.7857455544590419e-07,buyer,-714.9107048525341,0xb3e55b4d5a03fc81b1183b97bf4a9825384b8bf4d0a061986a684b7c17f8acbd,0xD77A8Cde26AfB5b711F0E25C23a48562d5259bF3
205,0xce9897ddea38f996fee8d8c1fd0aeb15a75fdb41376100ea8b9029cc928238cf-0,2023-04-21 01:07:47,WETH/DED,0.0,0.6013580280517079,6467683120.708727,0.0,1158.5426319577732,0x7a250d5630b4cf539739df2c5dacb4c659f2488d,0x7a250d5630b4cf539739df2c5dacb4c659f2488d,{'id': '0xce9897ddea38f996fee8d8c1fd0aeb15a75fdb41376100ea8b9029cc928238cf'},1.7912792113272556e-07,seller,1158.5426319577732,0xce9897ddea38f996fee8d8c1fd0aeb15a75fdb41376100ea8b9029cc928238cf,0xC5138cbF2A63e234689c1E40FF4553fdDa1bFFBD
206,0xfe607cc4c1aa5fee4770a939c1f974a130f3d5306e398b378d656364aa7ee9a9-0,2023-04-21 01:07:47,WETH/DED,0.05,0.0,0.0,500094820.6040735,97.47874094015738,0x8c18c05eea4201b169cd0224a7eaefc8071cc844,0x7a250d5630b4cf539739df2c5dacb4c659f2488d,{'id': '0xfe607cc4c1aa5fee4770a939c1f974a130f3d5306e398b378d656364aa7ee9a9'},1.949205169179938e-07,buyer,-97.47874094015738,0xfe607cc4c1aa5fee4770a939c1f974a130f3d5306e398b378d656364aa7ee9a9,0x8C18c05eEa4201B169Cd0224a7EAefC8071cC844
207,0x005cfdff48a32b28287c2aec7695e3db46c8474dbf3e00f124aaac1d4c0a6d0f-0,2023-04-21 01:07:59,WETH/DED,0.1,0.0,0.0,1060713863.0294502,195.18872088330056,0x33d3d765d959fcc6c39353fd2b2c6b3cf6bb750f,0xef1c6e67703c7bd7107eed8303fbe6ec2554bf6b,{'id': '0x005cfdff48a32b28287c2aec7695e3db46c8474dbf3e00f124aaac1d4c0a6d0f'},1.840163758450673e-07,buyer,-195.18872088330056,0x005cfdff48a32b28287c2aec7695e3db46c8474dbf3e00f124aaac1d4c0a6d0f,0x33d3d765d959FcC6c39353fd2B2C6b3CF6bb750F
208,0x0ade4db72b6bd77ddca0c2e8091df105d74c82c30bcab2c62f274b39dd9eab9e-0,2023-04-21 01:07:59,WETH/DED,5.357548720495788,0.0,0.0,46467748542.233795,11722.637078802054,0x6b75d8af000000e20b7a7ddf000ba900b4009a80,0x6b75d8af000000e20b7a7ddf000ba900b4009a80,{'id': '0x0ade4db72b6bd77ddca0c2e8091df105d74c82c30bcab2c62f274b39dd9eab9e'},2.522746947411824e-07,buyer,-11722.637078802054,0x0ade4db72b6bd77ddca0c2e8091df105d74c82c30bcab2c62f274b39dd9eab9e,0xae2Fc483527B8EF99EB5D9B44875F005ba1FaE13
